3175 4925
830 375 973 426 mn.
1016 375 1179 426 xvi.
1224 375 1389 424 cAP.
1427 359 1535 426 12·
1580 375 2015 428 Autumni«.

320 520 570 588 qnaesivi3
625 523 683 570 et
716 517 1073 570 difficultatem
1109 518 1381 582 afferebat,

290 639 297 644 .
320 596 461 660 qnod
484 595 827 666 apparitores,
848 598 1091 659 viatores,
1114 610 1380 657 accensos,

314 672 545 734 lictores,
579 678 933 734 summotores,
962 672 1037 721 itu
1072 671 1239 722 officio
1263 687 1381 722 con-

309 747 529 811 junctos
550 745 896 810 observarem,
919 754 977 795 nt
1011 763 1127 811 qum
1163 749 1301 797 inter
1324 747 1380 796 il·

317 823 397 871 los
454 821 751 873 differentis
803 831 944 873 esset
998 823 1379 887 constituenda,

316 896 641 960 ignorarem:
674 899 811 962 quod
837 905 1009 948 tamen
1030 900 1183 962 longo
1204 899 1378 950 studio

275 960 285 973 ’
314 979 371 1022 et
393 974 659 1036 diligentia
682 988 765 1022 me
784 974 1106 1022 adinvenisse
1124 975 1377 1024 existimo.

314 1049 505 1114 Itaque
560 1050 613 1100 hi
665 1065 841 1098 omnes
880 1051 1189 1113 Amor-iteres
1230 1050 1379 1111 dicti,

282 1127 457 1192 ‚quod
502 1126 705 1176 scilicet
750 1125 1137 1189 Magistratibus
1176 1127 1378 1175 assiste·

280 1251 293 1266 ,
316 1208 453 1264 rent,
474 1209 529 1251 et
562 1209 753 1265 praesto
777 1209 952 1250 essent
992 1200 1057 1248 ad
1097 1200 1378 1264 obsequen-

282 1321 293 1333 ,
317 1275 460 1340 dum,
483 1278 597 1326 Liv.
627 1291 711 1326 ιιι.
732 1280 815 1326 49.
838 1284 893 1326 et
930 1289 1053 1324 vui.
1076 1280 1157 1327 33.
1223 1276 1377 1328 Quod

280 1399 287 1408 ,
316 1357 375 1402 et
398 1352 711 1417 potissimum
738 1352 923 1416 passim
948 1357 1101 1416 petet
1120 1366 1183 1402 ex
1210 1350 1378 1402 Amin.

280 1427 645 1490 ‚Mai-centnm
690 1437 745 1478 et
785 1444 852 1478 ex
893 1429 1201 1489 Justiniano,
1244 1429 1297 1476 in
1340 1428 1377 1478 l.

316 1516 482 1556 xxxt.
521 1506 547 1567 §
580 1511 631 1554 5.
670 1506 787 1554 Cod.
810 1507 867 1554 de
890 1504 1108 1567 Episcop.
1129 1509 1177 1554 et
1203 1505 1372 1553 Cleric.

318 1578 391 1628 Hi
414 1593 619 1643 quoque
640 1580 887 1630 nominati
910 1579 1188 1644 ministeria,
1224 1581 1257 1630 l.
1284 1593 1373 1628 ιιι.

313 1656 343 1718 §
386 1657 549 1704 ntor.
587 1657 657 1706 D.
701 1658 758 1705 de
792 1661 989 1720 stupet-t.
1030 1660 1177 1706 tutor.
1264 1654 1376 1706 Ali·

314 1733 521 1797 quando
542 1733 798 1798 apparitio,
838 1734 872 1782 l.
896 1731 1053 1793 finali,
1076 1733 1103 1795 §
1124 1731 1283 1793 finali,
1304 1731 1374 1780 D.

310 1811 370 1860 de
406 1811 621 1861 eviction.
688 1810 875 1860 Cicero
920 1815 1091 1857 tamen
1130 1808 1181 1856 in
1219 1807 1373 1869 epist.

313 1887 381 1936 sd
403 1886 697 1948 Thermum,
726 1885 1065 1950 appar-itionem
1088 1898 1181 1947 pro
1204 1881 1373 1932 officio

278 1963 627 2028 -spparitoris
665 1963 890 2025 accepit.
954 1959 1139 2009 Vocati
1170 1972 1373 2024 quoque

312 2045 371 2087 et
404 2039 661 2088 interdum
700 2038 870 2103 officia,
905 2037 944 2087 l.
966 2035 1211 2098 Illic-itam,
1244 2035 1373 2097 §Ne

312 2115 487 2177 tenuis,
505 2117 577 2165 D.
616 2117 675 2163 de
712 2117 831 2179 offic.
864 2113 1060 2177 praesid.
1124 2113 1372 2162 Nonnun-

270 2233 279 2242 ,
313 2203 467 2252 quam
490 2190 726 2253 officiales,
756 2187 977 2254 „Rubi-ic.
1018 2194 1072 2236 et
1106 2187 1139 2235 l.
1164 2201 1204 2235 1.
1243 2186 1373 2237 Cod.

312 2263 381 2311 de
426 2262 543 2312 filiis
583 2261 785 2312 official.
824 2269 881 2311 et
925 2262 1051 2324 Cep.
1090 2262 1282 2322 Nullus,
1319 2265 1371 2310 4.

314 2344 499 2402 quaest.
522 2343 721 2402 quarta.
786 2337 1057 2386 Interdum
1085 2342 1372 2398 executores,

311 2411 350 2465 1.
370 2427 429 2461 ιι.
457 2415 570 2463 cod.
594 2415 651 2463 de
672 2414 865 2477 spor-tu.
919 2411 1207 2477 Aliquando
1224 2412 1374 2476 missi,

312 2490 392 2539 nti
414 2506 529 2554 cap.
547 2496 594 2541 1.
618 2490 681 2539 de
704 2490 955 2541 immunit.
981 2488 1169 2539 eccles,
1208 2496 1264 2538 et
1300 2488 1372 2537 ibi

313 2552 483 2628 glossa
504 2566 557 2614 in
581 2565 797 2615 novella.
862 2562 1021 2625 Τάξεις
1038 2566 1283 2625 rugeam,
1318 2564 1371 2613 id

312 2647 411 2703 est,
434 2644 547 2690 ordo
568 2648 623 2691 et
646 2642 695 2690 in
720 2642 887 2704 glossa
908 2642 1095 2701 veteri,
1138 2638 1370 2703 ἆμφοδάρ-

307 2734 395 2779 χαι
428 2714 780 2781 ἂρχιιπηρέναι.
848 2718 910 2766 In
937 2718 1116 2767 borum
1156 2732 1368 2767 numero

307 2792 453 2843 fuere
472 2794 677 2856 lictores,
698 2793 783 2857 qui
812 2793 1133 2856 apparebant
1154 2793 1235 2841 his
1258 2800 1368 2842 tan-

309 2876 415 2919 tum
448 2869 853 2933 magistratibus,
885 2870 969 2933 qui
1006 2869 1369 2919 auctoritatem

306 2946 554 2995 baberent
578 2960 677 2993 non
706 2946 869 2994 solum
892 2945 1109 2993 vocandi
1132 2952 1186 2993 et
1207 2944 1367 3007 ligan-

310 3022 382 3083 di,
403 3021 493 3071 sed
515 3028 567 3069 et
590 3034 793 3083 quoque
818 3019 1086 3082 puniendi3
1124 3019 1276 3082 hique
1300 3018 1367 3066 ab

312 3096 425 3150 aliis
448 3094 499 3143 in
523 3096 617 3145 hoc
640 3093 1112 3157 distinguebantur,
1135 3092 1266 3155 quod
1290 3102 1367 3139 se-

311 3170 422 3221 curi
446 3175 499 3219 et
519 3169 679 3232 virgis
701 3168 1009 3231 supplicium
1031 3167 1096 3215 de
1116 3165 1369 3215 damnatis

311 3246 601 3306 sumebant,
630 3245 775 3307 jussu
811 3245 1222 3307 magistratuum,
1259 3242 1366 3306 qui-

309 3320 405 3373 bus
429 3320 771 3385 apparebant.
844 3319 933 3367 Ita
953 3318 1211 3367 Tribunos
1235 3316 1365 3366 Con-

310 3396 461 3445 sulari
496 3402 756 3459 potestate
787 3401 1005 3455 creatos,
1040 3394 1247 3441 lictores
1282 3392 1367 3440 lm-

309 3471 478 3521 buisse
501 3476 705 3519 constat
733 3485 798 3519 ex
832 3469 979 3519 Livio
1017 3470 1103 3517 lib.
1127 3482 1215 3518 ιιι.
1282 3468 1368 3517 Ita

308 3547 555 3597 Consules
581 3546 789 3609 ubique,
808 3546 881 3595 ita
911 3552 963 3594 et
995 3546 1371 3616 Imperatores.-

304 3622 403 3673 Isti
430 3628 599 3671 etitem
636 3622 824 3669 lictores
856 3629 909 3669 et
940 3620 1214 3685 aliquando
1244 3636 1365 3671 sunt-

306 3702 503 3747 motores
524 3697 669 3757 dicti,
702 3710 765 3744 eo
789 3695 925 3759 quod
949 3710 1123 3744 eorum
1146 3694 1363 3745 officium

308 3780 461 3833 esset,
506 3772 707 3821 turbam
753 3778 809 3820 et
864 3772 987 3819 alios
1033 3786 1362 3835 quoscunque

308 3858 644 3895 summovere.
713 3847 823 3897 Liv.
846 3859 931 3895 ιιι.
954 3850 1034 3893 45.
1060 3853 1113 3894 et
1134 3851 1217 3895 48.
1252 3854 1303 3895 et
1328 3845 1364 3894 l.

308 3934 426 3970 vm.
449 3924 529 3969 ³3.
568 3930 622 3969 et
660 3935 782 3971 xnv.
815 3927 895 3971 29.
932 3922 1108 3985 quoin
1132 3923 1244 3971 loco
1268 3935 1361 3985 pro

305 4002 596 4055 motare,
650 3996 1037 4059 intelligendum
1110 3998 1363 4057 lictorem,

306 4086 405 4123 non
431 4071 763 4123 dubitandum
790 4074 868 4121 vel
894 4080 1107 4136 propter
1130 4074 1291 4123 verba
1328 4074 1362 4122 l.

306 4160 507 4197 xxvm.
529 4150 611 4195 27.
682 4150 901 4196 Ace-ensis
934 4162 1115 4197 munus
1152 4148 1253 4197 fuit
1276 4164 1362 4196 vo-

308 4223 475 4285 candi,
499 4230 555 4271 et
591 4222 657 4272 ab
696 4222 942 4272 acciendo
973 4224 1119 4287 dicti,
1143 4238 1209 4273 ex
1232 4224 1361 4273 Var-

428 4302 605 4367 Delpli.
632 4306 680 4353 et
711 4302 826 4353 Vur.
850 4304 983 4353 Clus-

1306 4302 1460 4353 Tacit.

2331 363 2520 433 «1113

1452 533 1579 568 rone
1620 519 1688 568 de
1725 520 1876 584 Ling.
1901 523 2018 572 Lat.
2041 521 2076 573 l.
2101 536 2152 572 v.
2219 520 2330 574 Cic.
2360 521 2518 588 epist.

1451 606 1492 644 1.
1515 608 1555 644 1.
1593 593 1658 642 ad
1685 595 1751 648 Q.
1773 595 1914 645 Frat.
1981 597 2174 648 Verum
2213 599 2332 662 quie
2367 605 2423 650 et
2460 599 2518 650 id

1451 684 1636 718 munus
1653 669 1918 734 proprium
1944 677 2058 721 eret
2091 673 2313 734 viatoris,
2335 675 2384 724 in
2411 689 2517 740 quo

1453 743 1726 796 differrent
1777 755 1832 796 et
1875 747 2336 811 distinguerentur,
2371 752 2516 804 inda·

1452 821 1694 884 gaudum.
1768 821 1977 873 Victoris
1997 837 2179 874 munus
2200 827 2518 889 praecipnnns

1450 894 1606 946 fuisse
1629 897 1867 962 vocandi,
1889 905 2094 948 constat
2132 915 2196 947 ex
2236 895 2520 952 Columella

1451 971 1505 1019 in
1528 972 1680 1036 praef.
1717 975 1753 1022 l.
1781 987 1818 1024 ι.
1882 973 1992 1024 Cic.
2016 974 2080 1024 de
2109 975 2318 1024 Senect.
2359 991 2408 1026 c.
2433 981 2516 1029 16.

1426 1049 1525 1107 ‚Et
1564 1049 1722 1098 Festo
1760 1047 1814 1097 in
1856 1049 2088 1100 Viatores.
2157 1053 2228 1101 Et
2257 1051 2368 1103 Liv.
2391 1067 2520 1105 vm.

1455 1129 1534 1174 18.
1619 1125 1690 1175 Et
1733 1125 1870 1176 Plin.
1913 1139 2076 1177 xvur.
2125 1131 2173 1176 3.
2258 1129 2337 1178 Ex
2361 1127 2516 1180 dictis

1452 1205 1619 1262 patet,
1657 1200 1812 1250 sicuti
1843 1201 2064 1270 Accensi,
2095 1203 2172 1252 ita
2206 1207 2263 1252 et
2309 1203 2518 1255 Victoris

1450 1289 1658 1340 quoqne
1703 1276 1921 1326 vocandi
1963 1291 2144 1328 mimus
2184 1277 2358 1332 finisse.
2437 1281 2516 1332 At

1452 1352 1707 1415 quomodo
1729 1353 2080 1418 distinguendi
2101 1355 2221 1418 sint,-
2245 1371 2346 1406 non
2370 1371 2516 1424 aeqne

1450 1427 1798 1479 manifestum.
1879 1431 1992 1492 Ego
2013 1433 2344 1482 statuendum
2369 1441 2517 1496 puto,

1449 1503 1501 1552 in
1525 1504 1624 1552 hoc
1655 1503 1870 1554 Viatores
1906 1507 1971 1554 sb
2005 1506 2229 1556 Accensis
2250 1507 2516 1573 distingui,

1453 1579 1587 1642 qnod
1619 1579 1835 1630 Viatores
1870 1595 1972 1632 non
2007 1582 2158 1631 modo
2179 1583 2399 1632 vocandi
2421 1584 2514 1648 jus

1448 1653 1723 1719 haberent,
1773 1657 1864 1708 sed
1907 1663 1963 1706 et
2015 1658 2230 1720 ligandi.
2313 1659 2516 1710 Accensi

1449 1744 1573 1778 vero
1608 1731 1834 1780 minime.
1897 1733 2093 1782 Verum
2131 1732 2250 1796 quia
2270 1733 2512 1798 Sigonius

1449 1805 1503 1854 id
1546 1811 1728 1869 aperte
1763 1813 1923 1870 negat
1960 1807 2026 1858 de
2057 1808 2178 1872 jure
2212 1810 2373 1875 antiq.
2411 1809 2512 1862 civ.

1450 1883 1600 1933 Rom.
1621 1895 1686 1932 ιι.
1711 1887 1787 1931 1⁶.
1813 1883 1930 1932 ideo
1952 1884 2390 1948 comprobandum
2412 1894 2512 1938 est.

1446 1960 1627 2010 Livius
1647 1974 1732 2010 ιιι.
1755 1966 1804 2010 6.
1846 1968 1902 2010 et
1939 1975 2016 2012 vt.
2043 1967 2120 2012 16.
2159 1969 2215 2012 et
2253 1968 2430 2014 11.1⁰.
2453 1970 2512 2015 et

1446 2049 1521 2087 w.
1558 2041 1641 2089 14.
1721 2038 2012 2102 Utrobique
2051 2037 2190 2088 enim
2224 2041 2512 2104 apparitoris

1448 2123 1594 2172 voce,
1613 2113 1858 2174 viatorem,
1881 2129 2184 2180 omnemque
2209 2118 2383 2179 alium,
2419 2117 2512 2182 qni

1446 2187 1641 2249 ligandi
1685 2188 1774 2250 jus
1829 2188 2062 2250 haberet,
2117 2191 2511 2256 intelligendum

1444 2275 1545 2311 non
1571 2262 1768 2314 dubito.
1834 2265 1980 2312 Sicut
2004 2278 2090 2313 ιιι.
2114 2269 2193 2314 38.
2235 2265 2301 2315 de
2348 2266 2510 2316 Viato-

1445 2337 1575 2384 rilms
1631 2338 2074 2402 interpretandum
2125 2340 2356 2403 conjicio.
2434 2339 2512 2390 At

1448 2412 1632 2463 Cicero
1651 2427 1850 2465 omnem
1874 2429 2118 2479 scrupum
2151 2413 2330 2479 demit,
2355 2429 2510 2481 quum

1445 2490 1519 2538 ait
1557 2490 1609 2538 in
1645 2490 1941 2541 Vatinium:
1996 2492 2011 2517 ‘
2037 2490 2308 2541 Miserisne
2344 2492 2510 2540 viato-

1447 2578 1571 2628 rem,
1595 2565 1682 2629 qui
1710 2566 1786 2615 M.
1811 2565 2054 2615 Bibulum
2076 2567 2127 2615 vi
2151 2566 2300 2615 domo
2334 2574 2512 2619 extre·

1441 2640 1640 2689 beret?
1703 2640 1888 2706 ltaque
1922 2656 2076 2706 quum
2119 2643 2328 2693 Viatores
2349 2643 2510 2695 facul·

1444 2722 1606 2765 tatem
1656 2716 1909 2767 haberent
1949 2716 2162 2781 ligandi,
2207 2718 2259 2767 in
2302 2719 2398 2767 hoc
2441 2718 2508 2768 ab

1440 2790 1662 2841 Accensis
1682 2792 2130 2857 distInguebantur
2150 2810 2165 2855 ;
2197 2794 2394 2845 Accensa·
2417 2808 2510 2844 ve·

1442 2880 1500 2914 ro
1522 2881 1555 2915 a
1583 2866 1856 2917 Victoribus
1875 2868 1974 2917 elia
1996 2864 2289 2918 differentia
2311 2870 2510 2919 discer-

1440 2948 1669 2992 nunturz
1703 2956 1922 3007 namque
1944 2941 2142 2993 Acce-nsi
2165 2958 2346 2993 munus
2369 2950 2501 3007 erut,

1442 3014 1598 3063 etiam
1651 3017 1864 3065 meridie
1920 3018 2241 3067 conclamare
2292 3020 2506 3083 populo,

1442 3092 1577 3155 quod
1612 3092 1827 3143 Viatores
1848 3106 1949 3141 non
1967 3092 2246 3141 faciebant.
2330 3094 2396 3143 Id
2417 3109 2506 3143 am·

1444 3172 1545 3214 tem
1586 3172 1790 3217 constat
1814 3182 1879 3215 ex
1901 3168 2132 3215 varrone
2169 3168 2286 3216 loco
2325 3170 2507 3219 citato.

1440 3242 1512 3290 Et
1543 3242 1680 3293 Plin.
1714 3256 1816 3291 vu.
1840 3246 1890 3291 6.
1919 3242 2136 3291 Viatores
2156 3244 2247 3292 aut
2268 3244 2504 3307 proprios

1438 3314 1598 3367 fuisse
1634 3316 1978 3367 Tribunatum
2015 3318 2088 3379 pl.
2127 3318 2279 3365 sicuti
2319 3319 2508 3368 lictores

1439 3392 1717 3443 Consulum
1759 3392 2078 3442 existimavit
2123 3392 2354 3456 plurimae
2401 3394 2504 3442 lec·

1440 3467 1594 3515 tionis
1639 3468 1736 3530 vir,
1785 3466 2018 3515 Andreas
2059 3467 2379 3530 Tiruquellns
2435 3466 2502 3517 ad

1438 3542 1810 3603 Alexandrum,
1844 3549 2010 3593 motus
2033 3543 2343 3591 auctoritate
2367 3542 2502 3592 Livii

1438 3630 1497 3665 11.
1520 3621 1599 3665 56.
1623 3631 1720 3679 qua
1745 3624 1915 3665 tumen
1952 3617 2004 3665 in
2042 3631 2097 3665 re
2137 3630 2253 3665 enm
2287 3616 2502 3667 halluci-

1440 3698 1614 3739 natum
1640 3707 1741 3740 non
1766 3692 1946 3741 dubito
1968 3709 1980 3739 ε
2031 3706 2249 3756 namque
2272 3707 2374 3741 non
2397 3704 2501 3741 mo-

1438 3766 1504 3815 do
1528 3766 1743 3815 Tribuni
1767 3766 1836 3829 pl.
1873 3766 1962 3815 sed
1983 3774 2036 3818 et
2061 3768 2147 3816 alii
2165 3768 2498 3830 magistratus

1435 3842 1641 3891 timores
1659 3842 1906 3903 habuere,
1938 3842 2122 3906 quibus
2161 3842 2377 3890 vocandi
2407 3842 2496 3903 jus

1436 3915 1553 3967 fuit.
1642 3918 1727 3966 De
1770 3918 1962 3967 Senatu
2006 3923 2208 3966 constat
2253 3932 2317 3965 ex
2357 3918 2498 3965 Plin.

1438 4007 1596 4043 xvm.
1622 3998 1670 4043 3.
1706 3996 1786 4043 De
1804 3995 2096 4043 consulibus
2118 3994 2242 4042 nulli
2267 3993 2497 4044 dubium.

1436 4072 1519 4119 De
1549 4070 1796 4119 AEdilibus
1836 4076 1982 4132 patet
2016 4084 2080 4117 ex
2114 4069 2258 4117 Livio
2299 4070 2331 4119 l.
2356 4080 2497 4119 xxx.

1436 4146 1618 4195 Scriboe
1655 4146 1955 4208 Victoresque
1995 4144 2232 4195 AEdilicii.
2314 4146 2492 4196 Rome

1437 4222 1489 4271 in
1512 4222 1732 4272 Basilica
1765 4220 1942 4272 Sancti
1970 4220 2117 4271 Petri
2157 4220 2207 4269 in
2239 4220 2493 4273 Vaticano

1939 4294 1945 4302 ’
2221 4304 2284 4350 12
2317 4300 2364 4349 Ε
