3175 4925
895 395 1042 445 mu.
1085 379 1204 443 ιἰι.

352 533 470 589 670.
505 535 740 588 Βατία.

417 613 680 675 samm]
747 611 945 674 Νόμιμα.
983 613 1216 662 Mantus.

418 688 626 740 Diverso
646 689 840 754 oppida]
909 689 955 737 N
963 703 1026 738 on
1054 689 1090 737 ii
1105 687 1274 749 modo,
1289 703 1414 752 quo·

351 777 464 814 rum
489 765 680 828 oppida
719 763 1203 826 proetervelnebatur
1241 762 1412 824 funus,

353 840 446 889 sed
479 841 514 888 ii
547 853 770 905 quoque,
793 855 1010 905 quorum
1031 838 1411 902 oppida,dicer-

351 929 424 976 sa,
449 915 499 963 id
523 923 624 974 est,
647 915 800 964 devia
821 921 991 977 erant,
1017 915 1216 964 obviam
1237 923 1410 964 tamen

353 989 832 1054 proficiscebantur,
857 995 912 1038 et
947 1004 1040 1052 pro
1072 991 1236 1054 copiis
1271 1005 1411 1053 pom-

353 1079 474 1129 pam
497 1067 636 1114 illam
660 1067 1083 1117 cohonestabant.
1115 1067 1328 1130 Lep-iu.

421 1141 553 1190 CA».
567 1145 614 1190 3.
631 1141 772 1203 Apud
785 1146 997 1190 auderes
1005 1142 1184 1204 reram]
1205 1143 1412 1190 Tacitus

355 1216 422 1266 ab
438 1218 722 1280 exemplari
743 1217 948 1266 videtur
959 1219 1416 1278 discessisse,cum,

353 1298 592 1342 auctorem
631 1308 808 1353 rev-uas,
841 1293 1070 1342 historiae
1103 1295 1412 1356 scriptorem

353 1368 580 1430 vocavit,
615 1369 704 1430 qui
743 1366 986 1417 Sallustio
1007 1375 1089 1417 est
1125 1381 1294 1417 rerum
1327 1367 1412 1415 ad-

353 1443 674 1492 ministrator
713 1450 1010 1507 gestorque,
1033 1451 1092 1493 ut
1129 1443 1412 1507 imperator

354 1519 444 1582 qui
484 1519 619 1568 bella
663 1520 818 1582 gerit.
848 1519 1116 1568 ‘Tametsi
1157 1521 1412 1583 haudqua-

355 1607 506 1657 quam
529 1607 629 1656 par
648 1595 816 1659 gloria
835 1602 1082 1657 sequatur
1106 1595 1412 1657 scriptorem

355 1676 412 1716 et
446 1677 710 1718 auctorem
751 1670 951 1718 rerum)
999 1671 1260 1719 Thr-nebus.
1323 1671 1412 1720 Sic

352 1743 484 1792 hoc*
473 1759 584 1808 ipso
618 1745 778 1794 libro:
814 1747 911 1796 ‘.C
935 1746 1208 1795 Sallustius
1233 1749 1415 1796 Roma-

353 1835 531 1870 narum
569 1837 740 1871 rerum
767 1819 1156 1874 florentissimus
1191 1823 1410 1873 auctor!

353 1897 595 1948 Muretus.

421 1977 553 2024 Cn.
578 1979 626 2026 Δ.
671 1969 860 2039 Vastus]
891 1976 1032 2026 Olim
1047 1976 1412 2040 emendaviper

353 2049 589 2099 silentium
637 2057 855 2110 castum5
903 2061 1060 2117 atque
1099 2051 1232 2102 adeo
1265 2060 1410 2102 certa

350 2126 476 2176 mihi
497 2128 791 2176 emendatio
829 2128 936 2176 visa
971 2137 1070 2192 est,
1110 2137 1169 2179 ut
1199 2143 1309 2178 eam
1335 2143 1411 2178 re-

353 2199 529 2263 cipere
563 2215 667 2251 uon
693 2203 1055 2255 dubitaverim.
1125 2205 1260 2254 Nam
1295 2207 1410 2268 ipse

351 2275 564 2326 Tacitus
606 2277 682 2325 sic
719 2293 861 2341 saepe
903 2280 1104 2329 locutus
1143 2287 1242 2329 est.
1283 2281 1410 2332 [ιν.

353 2350 649 2416 ‘hostisque
705 2354 932 2404 clamore
975 2356 1201 2416 turbido,
1259 2358 1412 2406 modo

355 2444 449 2494 per
473 2435 670 2480 vastum
695 2431 975 2495 silentium3
995 2433 1220 2483 incertos
1240 2433 1413 2483 obsesa

354 2520 496 2555 sores
509 2504 799 2556 effecerat!
835 2508 978 2558 Hist.
997 2510 1032 2559 l.
1049 2523 1136 2557 ιιι.
1159 2512 1175 2537 ⁴
1193 2511 1412 2559 vastum

353 2583 520 2644 primo
565 2583 825 2632 silentium
871 2598 991 2633 mox
1028 2592 1219 2635 cuncta
1259 2586 1412 2635 simul

351 2663 666 2721 erumpunt)
720 2659 782 2707 Iu
801 2659 910 2709 vita
932 2660 1217 2724 Agricolae:
1253 2661 1412 2711 ‘Vas-

351 2741 462 2784 tum
487 2734 678 2799 ubique
695 2735 976 2798 silentium,
1007 2737 1196 2786 secreti
1219 2738 1396 2789 colles.
1397 2738 1414 2761 ⁸

353 2812 526 2860 Etiam
561 2812 738 2861 Livius
775 2812 808 2861 1.
833 2824 893 2861 x.
926 2814 942 2841 ‘
959 2812 1148 2863 deinde
1171 2820 1230 2863 ut
1261 2815 1412 2863 silen-

349 2888 478 2935 tium
499 2893 698 2937 vastum
721 2888 776 2935 in
799 2887 961 2937 urbe.'
1026 2890 1096 2937 Et
1117 2890 1314 2953 optima
1329 2896 1411 2939 est

351 2964 698 3011 constructio:
733 2963 862 3011 Dies
882 2969 998 3013 erat
1021 2964 1236 3028 inquies,
1255 2965 1410 3014 modo

350 3048 448 3099 per
479 3042 676 3085 vastum
713 3037 990 3099 silentium,
1011 3040 1164 3087 modo
1200 3041 1410 3103 plorati-

355 3109 468 3159 bus.
535 3111 823 3161 Observavi
845 3114 1124 3176 sepissime
1147 3114 1198 3163 in
1223 3117 1410 3165 veteri·

351 3184 450 3233 bus
488 3185 654 3247 libris,
688 3187 842 3250 idque
878 3189 930 3237 in
967 3190 1224 3240 nonnullis
1255 3192 1408 3241 editis

355 3272 560 3324 quoque
603 3264 939 3328 conspicitur,
975 3282 1044 3327 m,
1085 3267 1310 3327 literam,
1357 3268 1410 3317 in

353 3332 456 3383 fine
478 3334 760 3384 dictionum
784 3352 1146 3406 nonnunquam
1169 3344 1340 3406 scribi,
1357 3348 1410 3405 8,

354 3421 598 3478 tanquam
620 3416 832 3463 ternarii
853 3418 1054 3465 numeri
1071 3424 1264 3482 notam,
1281 3422 1412 3470 adeo

353 3496 414 3539 ιιι
450 3487 634 3538 mirum
674 3503 775 3537 non
815 3490 904 3551 sit,
929 3491 970 3538 si
1006 3492 1278 3556 aliquando
1313 3509 1412 3558 pro

351 3565 523 3624 litera,
540 3579 584 3625 s,
601 3573 824 3628 accepts
845 3566 914 3613 sit
936 3580 962 3613 a
983 3564 1220 3616 librariis.
1272 3568 1412 3617 Hinc

351 3642 406 3691 in
429 3648 642 3692 auctore
663 3648 840 3690 nostro
863 3641 1012 3690 multi
1031 3656 1232 3691 errores
1255 3644 1416 3707 irrep-

353 3724 552 3779 serunt,
607 3725 668 3768 ut
721 3718 828 3765 suis
879 3718 1006 3765 locis
1062 3720 1413 3770 ostendemus.

355 3793 583 3844 Piefiem.
649 3792 726 3843 At
765 3794 888 3843 mihi
921 3793 1032 3842 falli
1071 3796 1150 3843 vir
1189 3796 1413 3859 optimus

353 3870 578 3919 videtur.
644 3872 782 3919 Nam
805 3870 846 3918 si
869 3876 1048 3919 cauam
1068 3872 1308 3923 silealimn
1328 3888 1412 3923 ac-

355 3947 596 4009 cipimus,
614 3951 718 3993 tam
737 3946 846 3995 dies
865 3948 1064 4011 inquies
1086 3946 1186 3996 fnit
1205 3948 1412 3997 silentio

355 4034 512 4085 quam
555 4020 886 4083 ploratibus..
933 4020 1010 4071 At
1051 4022 1173 4086 quid
1217 4031 1296 4072 est
1329 4038 1414 4086 per

355 4094 594 4145 silentium
615 4093 830 4157 inquies?
898 4095 1054 4160 Apud
1079 4096 1326 4147 Ovidium
1359 4099 1412 4147 in

355 4172 504 4234 regia
531 4172 728 4233 Somni,
759 4173 942 4220 ‘Muta
985 4172 1134 4236 quies
1173 4174 1410 4223 habitat?

355 4246 518 4312 Apud
553 4247 780 4297 Statium
832 4248 849 4277 ‘
869 4248 1168 4315 pressisque
1207 4251 1416 4301 silentia

1253 393 1415 444 osv.
1458 379 1521 442 5.
1569 385 1912 442 ANNALIU
1926 391 2005 442 ιι.

2374 373 2563 444 3367.

1488 533 1673 598 pennis
1696 533 1847 582 Muta
1880 533 2097 584 sedent!
2158 532 2213 582 Si
2234 531 2341 583 ant
2366 535 2453 582 τοῦ
2472 535 2553 584 in-

1485 610 1621 674 quies
1642 608 1778 674 apud
1798 610 2035 658 Tacitum
2056 617 2199 658 esset
2218 611 2395 672 wius,
2416 612 2551 660 tole·

1485 701 1673 736 rar-em.
1724 685 1795 735 At
1812 685 2029 734 Tacitus
2052 686 2260 749 utrique
2284 686 2547 750 proprium

1483 765 1717 827 assignat
1738 763 1973 812 verbum.
1996 761 2026 790 ⁶
2052 763 2261 811 Gronov.
2548 771 2557 800 ¹

1551 841 1696 889 Miles
1735 853 1841 888 suas
1882 836 2055 898 amis]
2130 837 2367 901 corrigo,
2413 840 2554 888 milo

1482 917 1582 966 siae
1604 918 1763 966 mis.
1830 915 1972 966 Quid
2006 915 2141 962 enim
2176 915 2297 964 novi
2336 921 2415 963 est
2454 916 2551 963 mi·

1483 992 1633 1041 litem
1658 991 1820 1040 videri
1850 1005 1965 1039 cum
2002 989 2191 1038 armis?
2258 990 2361 1038 Sed
2392 990 2551 1054 depo·

1486 1073 1679 1128 suerat,
1702 1068 1905 1130 opinor,
1930 1079 2087 1122 arma.
2112 1073 2172 1114 ut
2194 1065 2421 1114 dolorem
2446 1072 2547 1114 tes·

1487 1148 1707 1203 taretur,
1744 1141 2175 1206 quemadmodum
2212 1142 2548 1205 magistratus

1489 1217 1705 1278 insignia
1727 1231 1837 1266 sua.
1874 1217 2119 1265 Πανίου.

1555 1292 1713 1346 Quum
1766 1296 1821 1340 ut
1874 1292 2141 1339 mensiaisse
2193 1291 2559 1356 imperantium}

1487 1367 1624 1417 Num
1670 1367 1749 1416 hae
1791 1381 1940 1416 voces
1986 1374 2169 1431 aperte
2212 1367 2280 1415 ad
2322 1369 2555 1433 aliquam·

1487 1442 1855 1506 imperantium
1902 1443 2265 1492 contumeliam
2320 1444 2555 1507 pertiue-

1487 1517 1641 1567 bant:
1700 1519 1791 1568 sed
1842 1519 1928 1566 illa
1974 1519 2309 1583 quarentibus
2352 1527 2547 1568 metum

1485 1593 1736 1642 ademisse
1792 1593 2064 1643 videbatur
2107 1594 2297 1642 doloris
2352 1595 2551 1657 magni·

1488 1670 1637 1719 tudo.
1674 1671 1911 1718 Muretus.

1553 1745 1699 1792 Nihil
1751 1748 1909 1792 tumen
1968 1743 2227 1808 Ίῖὸενίιιιιι]
2314 1745 2549 1794 Pessime

1487 1820 1625 1869 enim
1677 1819 1859 1868 oderat
1914 1819 2275 1884 Agrippinam,
2328 1821 2547 1884 ejusque

1485 1895 1665 1960 gloriis
1698 1895 1985 1957 invidebat,
2028 1911 2131 1961 quo
2162 1897 2415 1959 iniquiore
2440 1897 2547 1946 aul·

1485 1985 1570 2021 mo
1594 1970 1797 2020 ferebat
1818 1979 1967 2022 tauta
1990 1973 2041 2020 in
2062 1987 2175 2022 eam
2198 1973 2546 2036 conspirantis

1486 2049 1665 2112 populi
1683 2049 1871 2098 studia
1906 2049 2054 2098 Idem.

1484 2200 1797 2250 inimicorum.
2114 2237 2128 2252 .
2544 2217 2553 2235 ¹

1551 2277 1686 2325 CA».
1698 2284 1747 2325 5.
1766 2278 2387 2343 Pubhcisuaerispmpm]
2414 2280 2547 2328 ‘de-

1487 2351 1618 2400 buit.
1700 2354 1771 2402 Et
1824 2353 2301 2404 animadverterunt
2354 2362 2547 2405 ceteras

1489 2427 1747 2476 versiones
1782 2427 1919 2478 liunc
1960 2443 2193 2486 seusum,·
2249 2444 2427 2479 vocem
2468 2437 2549 2479 ta-

1487 2514 1607 2549 men
1628 2500 1802 2564 publici
1820 2516 2073 2551 consensu
2090 2505 2551 2567 pretermiserunt.

1488 2577 1863 2628 Freinshemius.

1558 2654 1777 2703 Ίῖεἰιιιιιιι
1798 2655 1967 2718 uque]
2030 2656 2167 2706 vide
2188 2656 2424 2722 quoedam
2446 2671 2549 2707 nou

1489 2730 1700 2793 vulgata
1749 2732 1885 2796 apud
1938 2734 2195 2785 Valeriam
2240 2735 2548 2801 Maximum,

1487 2810 1522 2859 l.
1537 2824 1593 2858 v.
1612 2826 1661 2860 c.
1676 2816 1725 2861 5.
1757 2812 1965 2875 Lipsius.

1493 2914 1502 2921 -
1555 2888 1863 2936 Claudiorum
1914 2888 2239 2954 salicumque
2290 2892 2551 2955 imagines]

1486 2962 1561 3010 Ut
1582 2976 1724 3025 saepe
1758 2964 1906 3025 alias,
1930 2964 2007 3013 sic
2040 2972 2095 3014 et
2130 2966 2228 3017 hoc
2263 2966 2379 3017 loco
2402 2968 2551 3018 libra·

1486 3037 1680 3086 riorum
1731 3052 1879 3088 error
1922 3054 1953 3088 e
1998 3039 2153 3089 Liuiis
2197 3042 2357 3091 aazias
2402 3042 2548 3093 fecit.

1489 3113 1629 3175 Lege
1668 3127 1792 3176 ergo
1834 3114 2098 3164 Liviam.
2162 3116 2371 3165 Tiberio
2409 3119 2547 3167 enim

1486 3193 1542 3235 et
1563 3188 1757 3250 Druso,
1780 3198 1996 3251 paterna
2016 3191 2159 3253 origo
2198 3205 2263 3239 ex
2297 3192 2552 3257 Claudiis,

1487 3268 1723 3311 materna
1763 3278 1794 3311 a
1829 3263 1990 3312 Liviis
2032 3263 2155 3327 fuit,
2194 3266 2449 3331 adoptato
2492 3269 2545 3317 in

1487 3350 1603 3385 eam
1624 3344 1859 3387 materno
1878 3353 1993 3387 avo.
2048 3340 2261 3389 Sueton.
2284 3341 2423 3389 idem
2446 3348 2551 3391 tes·

1488 3420 1631 3464 tatur
1642 3422 1699 3464 et
1718 3416 1889 3463 Valer.
1906 3428 1967 3463 ιι.
1986 3420 2037 3465 ⁴.
2058 3416 2297 3466 Muretus.
2330 3418 2441 3481 Ego
2456 3432 2549 3481 po·

1488 3490 1673 3540 tiorem
1688 3491 1843 3539 habui
1858 3492 2095 3540 veritatis
2108 3492 2379 3555 rationem,
2392 3508 2547 3558 quam

1489 3568 1781 3629 scripture.
1848 3568 2148 3617 Praesertim
2184 3582 2337 3633 quum
2370 3570 2548 3638 sciam,

1490 3643 1694 3708 quoties
1714 3642 1781 3691 ob
1816 3643 1997 3693 miram
2020 3644 2287 3694 literarum
2309 3646 2547 3698 similitu-⁰

1489 3718 1663 3766 dinem
1694 3716 1934 3767 confusos
1978 3718 2206 3781 legamus
2244 3736 2361 3770 eum
2395 3724 2547 3773 datiis

1487 3794 1665 3843 Livias.
1752 3794 1834 3843 Ex
1883 3794 2191 3845 testimoniis
2234 3798 2547 3862 scriptorum

1487 3885 1601 3934 quaa
1624 3883 1780 3933 supra
1800 3884 1864 3919 ιι.
1888 3874 1969 3919 75.
1994 3872 2159 3921 relata
2176 3882 2311 3933 sunt,
2335 3874 2549 3938 aliisque

1489 3960 1641 4011 quam
1682 3946 1911 4008 plurimis
1950 3954 2127 3996 notum
2162 3954 2263 4011 est,
2294 3948 2545 4012 majorum

1488 4030 1691 4073 tautum
1714 4024 1959 4087 imagines
1995 4038 2108 4072 esse
2148 4026 2396 4074 comitata
2430 4040 2548 4090 pos.

1489 4106 1719 4149 terorum
1744 4098 1944 4149 funera.
1989 4098 2127 4149 Quid
2150 4099 2311 4161 igitur
2333 4100 2549 4165 certius}

1487 4190 1641 4241 quam
1668 4176 1722 4225 in
1762 4175 1919 4225 Drusi
1958 4175 2191 4238 exequiis
2214 4174 2439 4227 adfuisse
2463 4178 2549 4228 Li·

1485 4252 1687 4302 viorum
1716 4250 1995 4315 imaginun
2018 4264 2153 4317 quse
2190 4259 2429 4303 matema
2470 4254 2549 4307 illi
