3175 4925
943 430 1090 479 mn.
1138 429 1220 479 11.
1273 429 1442 481 cu.
1487 416 1599 482 40.
1648 432 2079 485 summunt.

395 570 616 634 scilicet,
659 570 954 637 priusquam
995 572 1127 623 bene
1170 573 1458 622 innotesce-

397 652 512 696 ret:
548 648 864 711 puniebat
879 656 1070 711 antem,
1101 664 1168 698 ex
1190 650 1456 714 inopinato

394 728 450 771 et
473 723 716 771 celeriter
759 738 814 772 se
853 724 1096 775 sistendo.
1163 724 1252 775 Ita
1273 738 1454 789 parum

394 812 579 861 guaros
623 800 970 863 relinquebat,
1005 814 1186 863 parurn
1226 800 1456 864 providis

391 872 698 923 sesistebat.
755 874 966 937 Lipsius.

457 950 766 1013 Reli-quem
786 950 994 1015 sumus,
1015 957 1095 1001 ant
1115 952 1454 1017 muniebat]

391 1026 530 1075 Mira
567 1027 786 1075 hominis
823 1029 1049 1077 versutia
1079 1036 1136 1078 et
1169 1029 1450 1081 festinatio.

391 1101 916 1166 Relinquebctsmus,
959 1120 1078 1154 cum
1109 1105 1220 1154 fere
1245 1106 1453 1168 ignotus

388 1177 576 1240 abiret,
595 1179 910 1243 prem-iem
932 1195 1050 1229 cum
1073 1180 1243 1229 adiret
1265 1197 1280 1229 t
1315 1179 1454 1229 fama

389 1265 669 1323 utrumque
685 1266 948 1323 sequente.
986 1260 1214 1308 Picbeua.
1263 1258 1327 1307 1d
1350 1265 1452 1321 est,

389 1334 554 1383 sicubi
573 1342 728 1397 esset,
747 1336 922 1385 aiebat
940 1350 1052 1385 esse
1071 1350 1126 1385 se
1145 1335 1454 1400 Agrippam,

390 1415 448 1458 et
484 1408 773 1475 Agrippam
796 1424 990 1472 verum,
1011 1424 1226 1474 eamque
1260 1410 1450 1460 famam

388 1484 462 1534 ibi
500 1486 828 1551 relinquebat
849 1503 862 1535 ε
907 1488 989 1535 vel
1035 1486 1078 1535 si
1119 1484 1342 1535 nondum
1387 1500 1451 1535 eo

387 1562 720 1625 pervasisset,
761 1576 857 1625 per
900 1576 1130 1611 rumores
1168 1561 1452 1624 praevenie-

383 1636 493 1687 bat.
525 1638 766 1687 Aurelius.
833 1638 954 1689 Nou
976 1639 1102 1687 satis
1126 1638 1296 1700 capio.
1365 1638 1448 1686 Li·

384 1718 472 1760 cet
493 1711 628 1761 enim
661 1720 942 1777 utcumque
965 1712 1230 1776 explicere
1247 1712 1340 1761 sim
1365 1726 1448 1761 co-

383 1794 556 1849 natus,
577 1786 730 1837 video
753 1794 924 1837 umen
961 1788 1016 1837 in
1053 1788 1152 1849 his,
1175 1802 1294 1852 quae
1320 1795 1448 1836 tam-

384 1874 536 1925 quam
559 1862 758 1911 diversa
773 1868 1147 1926 proponuntur,
1157 1870 1244 1911 aut
1257 1862 1446 1912 nullam

382 1936 590 1984 omniuo
612 1934 979 1999 differentiam,
1006 1942 1097 1986 aut
1114 1944 1256 1987 certe
1275 1942 1448 2000 perte·

381 2024 538 2061 nueru
557 2024 688 2062 esse.
752 2013 890 2061 Nam
913 2025 1004 2061 oro
1031 2019 1102 2075 te,
1123 2012 1208 2077 qui
1225 2012 1446 2075 relinquit

369 2085 576 2149 samm,
615 2102 786 2137 nonne
825 2088 962 2137 idem
998 2088 1251 2153 provenit,
1282 2094 1336 2137 ct
1358 2088 1447 2152 qui

383 2164 662 2226 pravam,
707 2164 985 2227 relinquit?
1051 2162 1136 2212 An
1169 2176 1272 2212 non
1305 2162 1370 2212 ob
1394 2163 1446 2213 id

381 2238 549 2301 ipsum
586 2239 722 2303 quod
765 2239 916 2289 bomo
955 2238 1208 2302 precedit
1239 2236 1447 2301 famam,

381 2312 472 2360 illn
487 2314 720 2376 seqnitur
741 2314 996 2363 bominem
1015 2312 1036 2360 ἓ
1069 2314 1262 2361 Parum
1279 2312 1446 2372 abest,

381 2394 440 2435 ut
462 2385 688 2439 referum
710 2387 826 2436 hoec
849 2388 989 2435 inter
1021 2388 1250 2451 argutias
1289 2387 1448 2437 nimia

383 2463 676 2512 subtilitate
699 2477 877 2525 venes,
897 2463 1076 2526 quales
1109 2463 1160 2512 iu
1195 2461 1294 2512 hoc
1326 2476 1446 2513 auc-

378 2543 492 2588 tore
511 2537 685 2588 Sevile
713 2539 836 2588 alibi
869 2537 1237 2604 reprebenditz
1269 2545 1328 2589 ut
1349 2539 1446 2589 boc

381 2627 446 2664 ex
473 2614 544 2664 H.
565 2628 604 2665 ῐ.
627 2619 678 2665 4.
711 2616 728 2644 ⁸
749 2622 808 2664 ut
827 2630 932 2664 non
953 2615 1106 2663 modo
1119 2628 1269 2664 casus
1292 2628 1446 2664 even-

375 2696 566 2756 tusque
583 2705 754 2741 reruni
775 2710 788 2754 3
805 2693 893 2757 qui
914 2693 1218 2756 plenumque
1233 2689 1444 2742 fortuiti

377 2773 530 2828 sunt3
551 2767 642 2818 sed
669 2768 802 2816 ratio
820 2769 980 2817 etiarn
1001 2781 1302 2831 caussaeque
1327 2783 1443 2820 nos·

375 2842 596 2893 eantur-⁹
661 2844 932 2895 Quomodo
971 2842 1110 2891 enim
1147 2849 1238 2892 sut
1257 2841 1442 2892 fortui-

374 2923 548 2967 torum
603 2931 802 2970 caussoe
859 2918 994 2969 tradi
1041 2925 1292 2982 possuut3
1350 2925 1440 2969 sut

375 3005 588 3056 quorum
649 3009 843 3043 cnussoe
899 2999 1116 3056 possunt
1155 2993 1311 3058 tradi,
1355 2994 1442 3043 ha-

376 3067 490 3117 beri
509 3083 602 3131 pro
617 3067 880 3118 fortuitis?
909 3069 1274 3118 Freinshemius.
1305 3069 1440 3118 Saue

373 3143 607 3192 cavillari
629 3145 756 3194 licet
775 3151 944 3194 totum
967 3143 1121 3194 diem.
1187 3145 1300 3208 Ego
1321 3159 1442 3195 vero

375 3231 442 3266 ne
461 3218 674 3268 Saviilio
699 3220 908 3284 quidem
929 3220 1016 3284 jus
1057 3218 1217 3270 fuisse
1255 3233 1442 3272 censeo

375 3291 478 3340 ista
501 3293 660 3341 verba
681 3293 1028 3357 improbandi,
1061 3302 1120 3344 ut
1143 3293 1277 3345 infra
1299 3297 1440 3345 vide-

373 3367 561 3418 bimus.
625 3369 812 3418 Totum
836 3375 1010 3418 autem
1029 3369 1350 3436 interpretor
1371 3371 1437 3421 de

375 3445 541 3508 abito,
579 3445 736 3510 idque
773 3445 1016 3508 praecipit
1053 3445 1166 3509 ipse
1198 3447 1437 3508 Tacitus,

372 3535 490 3572 ctum
512 3521 618 3570 nit:
642 3522 658 3550 ‘
683 3535 852 3584 neque
873 3519 1070 3568 diutins
1093 3520 1276 3570 iisdem
1293 3523 1440 3585 locis,

371 3595 462 3648 sed
481 3603 572 3646 aut
587 3594 916 3660 relinquebat
930 3601 1022 3644 aut
1035 3597 1296 3658 pravenie
1303 3597 1390 3646 bat
1405 3597 1437 3647 ε’

371 3670 494 3734 quid
511 3670 720 3734 fecerit,
735 3676 934 3733 narrat,
946 3670 1000 3719 in
1015 3671 1274 3722 mutandis
1287 3673 1438 3723 locis.

371 3747 484 3796 Etsi
503 3753 678 3797 autem
713 3747 974 3810 relinquere
1007 3746 1268 3797 interdum
1311 3747 1438 3799 dici-

372 3836 506 3884 mur,
552 3823 796 3888 quicquid
837 3829 956 3887 post
992 3829 1194 3887 tergum
1235 3833 1316 3875 est
1351 3827 1434 3875 vel

373 3899 534 3960 venit,
593 3899 804 3962 proprie
871 3906 1042 3948 tamen
1099 3901 1432 3965 relinquimus

373 3972 510 4038 quod
542 3973 812 4024 nobiscnm
857 3974 978 4038 fuit,
1029 3982 1120 4026 aut
1157 3977 1294 4041 qnod
1319 3979 1434 4041 jau:

371 4048 540 4106 adest,
557 4063 674 4098 cum
695 4048 762 4098 ab
783 4063 844 4099 eo
865 4051 1172 4102 discedimus
1198 4068 1212 4111 3
1237 4067 1434 4116 praeve·

370 4125 536 4180 nbnus
549 4123 606 4174 id
625 4125 760 4188 qued
773 4126 994 4176 nondum
1009 4127 1179 4190 adest,
1190 4143 1280 4178 seu
1291 4129 1432 4194 quod

369 4207 492 4267 pust
521 4215 614 4251 nos
639 4202 843 4252 demum
867 4204 1068 4256 existit.
1135 4205 1253 4256 Hoc
1270 4207 1434 4270 igitur

371 4278 464 4343 ait,
491 4275 686 4330 abibat-
703 4278 788 4328 vel
809 4293 928 4330 cnm
947 4279 1266 4348 inciperetur
1285 4296 1432 4349 spar-

2425 417 2603 490 3845

1534 574 1607 638 gi,
1626 576 1711 625 vel
1744 576 2037 643 prinsquam
2067 584 2399 643 spargeretur
2420 594 2597 631 mmor

1531 664 1651 699 eum
1665 650 1865 701 adesse.
1920 652 2207 705 Gronovius.

1596 726 1730 777 Cu.
1750 730 1835 777 40.
1872 728 2059 777 Ostiam
2088 730 2323 780 insertum
2342 732 2597 783 amnas

1527 801 1699 863 ingens
1716 802 2005 865 celebr-abae]
2036 804 2315 855 Crederem
2338 806 2381 854 si
2406 806 2599 869 adjice·

1529 885 1679 927 retur
1708 878 1869 941 sm,
1890 894 2091 942 rumore,
2122 894 2347 943 amns,
2396 880 2599 933 vocibus.

1530 952 1669 1003 Nam
1702 954 1823 1004 mihi
1868 956 1991 1005 nihil
2042 956 2376 1019 exploratius,
2426 970 2599 1021 quam,

1529 1042 1683 1093 quem
1700 1031 1955 1079 multitudo
1972 1032 2205 1081 celebrare
2218 1031 2387 1093 ingens
2402 1032 2597 1083 dicitur

1528 1104 1817 1167 veteribus,
1832 1121 1951 1157 euru
1965 1122 2205 1171 magnam
2218 1108 2425 1158 turbam
2443 1108 2601 1159 comi-

1529 1184 1657 1242 tum,
1676 1182 2145 1246 autea-bulouum,
2176 1189 2494 1235 sectatorum
2517 1198 2597 1235 se-

1527 1266 1644 1301 cum
1664 1256 1867 1305 trahere
1884 1258 2125 1323 intelligi.
2192 1260 2305 1310 Cic.
2328 1274 2425 1324 pro
2446 1262 2595 1311 Sext.

1525 1328 1540 1355 ‘
1561 1328 1677 1377 viae
1698 1332 2031 1383 multitudine
2052 1334 2339 1397 legaturum
2364 1336 2592 1401 undique

1525 1403 1797 1454 missorum
1842 1408 2277 1459 celebrabantur.'
2344 1410 2428 1461 Ad
2476 1413 2595 1463 Att.

1525 1492 1605 1529 rv-
1646 1485 1693 1529 1.
1724 1482 1741 1508 ‘
1761 1481 1953 1531 Similis
1990 1482 2287 1547 frequentin
2314 1500 2397 1535 me
2426 1502 2593 1553 usque

1524 1554 1590 1604 ad
1614 1556 1927 1620 Capitolium
1950 1558 2274 1609 celebravit!
2324 1560 2440 1613 Lib.
2462 1576 2503 1611 1.
2524 1562 2594 1613 de

1527 1630 1689 1681 Orat.
1722 1633 1737 1659 ⁴
1768 1632 1944 1682 Testis
1966 1640 2047 1683 est
2062 1634 2277 1697 hujusce
2320 1638 2389 1689 Q.
2426 1639 2597 1689 Mucii

1511 1704 1673 1768 janus
1690 1710 1848 1770 atque
1866 1707 2195 1772 vestibulum,
2212 1709 2347 1773 quod
2364 1712 2595 1763 maxima

1523 1780 1756 1845 quotidie
1794 1780 2091 1847 frequentin
2122 1785 2314 1834 civium
2360 1788 2593 1839 celebra-

1523 1854 1643 1903 tnr.'
1709 1856 1873 1905 Plane
1914 1858 1989 1905 sic
2029 1864 2086 1909 et
2112 1859 2322 1909 Tacitus
2346 1861 2598 1929 loquitur,

1521 1940 1822 1996 narratque,
1834 1932 1985 1981 simul
2000 1948 2253 1998 egressus,
2268 1938 2367 1987 dre.
2402 1936 2433 1966 ⁶
2448 1952 2593 1991 xxu.

1521 2004 1699 2069 lupide
1724 2006 1792 2071 ab
1816 2007 1943 2056 urbe
1966 2008 2164 2061 distare
2204 2012 2410 2063 Ostiam
2443 2028 2593 2065 accc-

1521 2082 1623 2147 pit,
1645 2084 1847 2147 opinor,
1888 2086 2269 2137 Freinshemius
2290 2103 2321 2138 e
2343 2098 2593 2155 corrupto

1520 2158 1793 2209 Strabonis
1812 2162 1942 2223 loco,
1977 2176 2095 2212 cum
2119 2169 2197 2213 tot
2220 2164 2305 2213 alii
2329 2172 2590 2229 suctores,

1523 2234 1731 2298 tnbnlae,
1758 2236 2027 2285 itineraria
2056 2251 2174 2288 xvx.
2198 2239 2405 2303 quidam
2427 2240 2590 2291 etiarn

1523 2322 1654 2359 xm.
1698 2312 1923 2361 millibus
1976 2314 2210 2363 conteuti
2265 2314 2387 2365 siut.
2452 2316 2589 2366 Vide

1522 2385 1839 2435 Cluverium.
1897 2388 2183 2437 Gronovius.

1587 2458 1789 2509 Serum
1838 2477 1975 2511 unns
2024 2463 2280 2526 αυξτ-σενα]
2346 2466 2587 2520 Muretus

1520 2551 1657 2600 snm
1680 2536 1848 2587 deleri
1884 2539 2063 2602 voluit,
2086 2541 2223 2604 quod
2248 2541 2445 2593 refutat
2466 2545 2589 2607 Lip-

1520 2613 1643 2678 sius,
1680 2629 1953 2678 suppresso
1986 2616 2195 2666 nomine
2233 2623 2288 2666 et
2320 2617 2433 2681 ipsa
2467 2631 2588 2670 con·

1507 2689 1743 2753 jectum,
1758 2697 1959 2740 tuntum
1976 2698 2173 2741 rectum
2188 2705 2304 2741 esse
2316 2693 2584 2757 vulgatum

1518 2765 1679 2815 aiens.
1746 2767 1817 2816 Et
1856 2773 1939 2815 est
1982 2765 2123 2816 forte
2162 2775 2381 2818 rectum.
2449 2770 2586 2820 Mihi

1515 2849 1691 2892 tamen
1712 2857 1815 2892 non
1848 2843 2151 2893 inconcinne
2180 2857 2249 2892 ex
2275 2845 2585 2896 mseribi

1515 2933 1669 2982 posse
1684 2920 1852 2969 statim
1868 2919 2143 2970 videbatur
2159 2937 2171 2967 :
2188 2919 2327 2984 quod
2345 2919 2583 2984 profecto

1515 2993 1667 3043 valde
1689 2994 1753 3042 ad
1780 2994 1879 3044 loci
1896 2995 2231 3057 sententiam,
2253 2995 2297 3046 si
2314 2996 2585 3061 sequentia

1516 3069 1677 3118 verba
1694 3070 1941 3132 pensitas.
1990 3071 2255 3120 Acidalia.

1579 3139 1727 3194 Modo
1748 3146 1871 3194 nuic
1891 3145 2225 3210 sperumdm]
2272 3146 2409 3196 Nam
2424 3131 2487 3198 iit
2508 3155 2583 3198 te-

1515 3220 1629 3268 nuis
1664 3220 1907 3284 scintilla,
1950 3221 1993 3269 si
2026 3221 2081 3270 in
2114 3221 2384 3271 materiam
2416 3223 2484 3272 ad
2506 3223 2580 3286 ig-

1515 3308 1634 3344 nem
1648 3295 2045 3360 concipiendum
2060 3296 2299 3346 idoneum
2316 3297 2581 3363 inciderit,

1513 3381 1757 3433 magnum
1792 3372 2091 3420 incendium
2130 3371 2344 3434 excitat,
2395 3371 2471 3420 sic
2511 3386 2579 3423 ex

1515 3446 1661 3494 tenni
1697 3454 1753 3496 et
1786 3448 1977 3510 exiguo
2007 3446 2259 3511 principio
2282 3461 2481 3509 magum
2502 3447 2579 3496 in·

1513 3519 1719 3569 terdnm
1758 3522 1928 3570 tnrbae
1974 3537 2037 3572 uc
2072 3521 2353 3572 seditiones
2382 3523 2579 3574 exoriri

1513 3596 1703 3646 solent.
1755 3597 1991 3646 Muretus.

1575 3669 1723 3718 Modo
1764 3655 1859 3719 vti-’aii
1896 3671 2053 3721 mnia
2086 3671 2357 3736 Mitem]
2426 3675 2579 3726 Qun-

1509 3746 1627 3796 dam
1652 3747 1787 3796 enim
1828 3761 1945 3812 que
1978 3753 2281 3812 conte-pte
2303 3762 2579 3802 evanesce-

1507 3830 1643 3886 rent,
1672 3816 1927 3872 iuterdum
1944 3837 2005 3874 eo
2018 3824 2131 3888 ipso
2150 3831 2415 3890 crescunt,
2433 3825 2575 3891 quod

1505 3913 1611 3948 non
1634 3899 1983 3964 negliguntur.
2040 3901 2281 3950 Muretus.
2663 3927 2675 3938 ·

1569 3976 1838 4037 Ambigua
1878 3975 2093 4038 pudoris]
2142 3976 2404 4038 Pudebat,
2433 3977 2575 4027 servi

1505 4065 1681 4113 eausa,
1701 4050 2035 4102 commoveri.
2100 4050 2279 4099 Metus
2302 4057 2435 4112 erat,
2472 4051 2574 4102 uisi

1504 4127 1695 4176 mulum
1708 4139 1925 4176 nascens
1944 4124 2341 4188 opprimeretur,
2360 4139 2429 4176 ue
2451 4141 2575 4178 cou-
2656 4123 2669 4134 '

1505 4203 1813 4252 valesceret.
1872 4200 2156 4264 Principiis
2170 4199 2479 4254 obstandum
2492 4217 2575 4256 es·

1501 4292 1580 4344 se,
1600 4277 2021 4332 medicidoocnt.
2074 4277 2319 4334 una-n.
