3175 4925
849 424 994 474 nin.
1043 423 1141 472 vr.
1187 421 1348 469 cn.
1395 404 1503 471 86.
1549 419 1988 471 ANNALmn.
2135 445 2141 452 -
2334 377 2543 469 394⁷?

401 567 612 624 Quonim
643 565 903 631 sceptuchi]
955 562 1294 626 sceptrigeri,
1326 565 1385 610 nt

329 639 405 692 ita
436 641 624 703 dicam,
664 639 798 706 quod
829 639 892 688 ad
931 640 1189 702 principes
1224 650 1386 698 reges·

317 733 432 782 ⁴⁴qne
455 716 696 768 refertur.
763 717 970 766 Γῆν-σα.
1038 717 1100 765 Id
1121 722 1202 765 est
1222 727 1388 777 reges,

330 794 405 842 slc
429 801 486 842 et
510 793 740 842 Homero
777 792 923 853 dicti,
945 791 1082 855 quod
1121 795 1384 851 sceptrum

329 875 593 930 gererent,
627 874 688 917 nt
709 867 893 917 scribit
921 867 1124 915 Suidas.
1200 865 1384 914 Ver-tru-

324 945 446 996 nius.
515 945 730 996 Rectius
765 943 1032 1007 sceptus-Isos
1069 955 1221 1007 qnam
1255 956 1382 1004 soep-

327 1019 554 1078 truchos,·
579 1017 834 1084 quomodo
877 1023 1126 1068 vocantur
1143 1015 1384 1066 Straboni

325 1093 361 1142 1.
388 1107 469 1143 xi.
534 1093 900 1144 Freinshemius.

392 1167 529 1220 cn.
553 1174 632 1220 34.
665 1169 824 1233 serpe,
845 1171 1032 1219 modum
1046 1165 1243 1229 obsidii]
1276 1165 1384 1216 Ad·

327 1242 393 1292 de
430 1243 876 1308 praepositionem:
931 1257 1055 1304 σαμε
1086 1243 1138 1290 in
1177 1241 1380 1290 modum.

325 1319 508 1367 Voluit
531 1319 602 1366 ita
636 1331 839 1382 quoqne
866 1319 1124 1366 Muretus.
1189 1315 1380 1364 Actaea.

389 1396 649 1457 Ignobilem
685 1395 876 1445 Iberum
911 1394 1196 1444 mercenario
1230 1393 1381 1444 milite

321 1470 603 1534 disserebat]
652 1470 834 1520 Malim
887 1470 1074 1533 hercle,
1126 1469 1380 1532 ignobilem

323 1547 534 1608 Iberum,
555 1545 891 1596 mercenarium
902 1546 1097 1595 militem
1109 1543 1382 1596 disserebat.

321 1619 610 1670 Acidalius.

386 1696 684 1760 Disserebat]
750 1693 918 1759 Magis
971 1710 1066 1759 pro
1119 1694 1378 1746 sententia

320 1779 478 1831 esset,
497 1772 766 1836 differebat.
832 1773 1054 1835 Lipsius.

387 1847 523 1898 Car.
559 1853 640 1899 3⁵.
687 1849 834 1898 Πίσαο
874 1849 1047 1913 equites
1080 1854 1180 1899 tres
1217 1849 1407 1914 prelii,

316 1925 468 1989 more]
501 1925 784 1989 castigavi,
806 1927 936 1974 modo
957 1926 1182 1989 equestris
1218 1925 1378 1990 proelii

316 2017 460 2052 more.
495 2001 785 2051 Rhenanus.
829 2001 894 2051 V.
933 2015 980 2049 c.
1021 2001 1207 2051 habet:
1241 2003 1377 2052 modo

316 2076 498 2139 equites
517 2080 613 2124 tres
652 2076 810 2138 prelii
831 2091 976 2138 more,
1009 2091 1123 2140 pro,
1153 2079 1378 2140 equestris

315 2141 474 2213 prelii
503 2167 647 2211 more,
669 2157 726 2198 nt
767 2152 926 2200 estin
963 2152 1207 2214 vulgatis.
1273 2153 1379 2202 Sed

319 2226 478 2274 lectio
501 2225 620 2274 libri
639 2227 974 2290 manuscripti
1005 2226 1208 2276 videtur
1237 2241 1378 2276 men-

319 2300 484 2350 dosa:
521 2315 637 2349 cum
675 2300 886 2362 vulgata
907 2299 1239 2350 confirmetur
1261 2303 1379 2350 loco

318 2375 470 2438 Livii,
506 2373 642 2438 apud
680 2389 834 2438 quem
857 2375 933 2423 ita
971 2375 1156 2437 legitur
1176 2377 1213 2425 l.
1258 2389 1376 2425 ιιι.

318 2451 334 2478 ⁴
353 2450 570 2500 Minime
593 2451 849 2516 equestris
867 2450 1016 2501 modo
1035 2451 1261 2517 pugnae,’
1275 2455 1378 2504 dte.

318 2526 472 2582 Quod
512 2528 628 2577 ideo
666 2527 862 2577 dictum
885 2535 965 2578 est
1001 2544 1033 2578 a
1071 2528 1236 2591 Livio,
1255 2544 1379 2594 quo-

319 2602 455 2651 niam
479 2602 757 2667 equitibus,
791 2603 856 2654 'ut
887 2603 1136 2668 Polybius
1173 2605 1266 2666 ait,
1289 2619 1376 2654 ne-

316 2692 417 2742 que
457 2685 767 2728 convertere
789 2694 863 2743 se,
901 2694 1068 2745 neque
1093 2680 1282 2730 iterum
1318 2680 1371 2731 in

313 2754 511 2807 bostem
544 2770 847 2819 procurrere
867 2756 1079 2807 licebat.
1153 2759 1370 2809 Ursinus.

379 2830 576 2881 Frontis
597 2836 642 2881 et
665 2833 792 2895 tergi
812 2832 958 2899 cites]
1008 2833 1209 2897 Scribo,
1242 2836 1368 2883 cies.-

315 2912 371 2955 et
394 2908 702 2956 sententiam
736 2909 971 2973 expedio.
1036 2908 1085 2959 A
1107 2910 1370 2976 Sallustio,

316 2980 443 3029 δια·
509 2980 717 3043 Lipsius.

384 3052 585 3105 Frontis
605 3060 650 3105 et
671 3058 800 3118 tergi
821 3056 966 3121 vices]
1009 3056 1074 3107 Id
1100 3063 1200 3122 est,
1223 3060 1368 3109 vicis·

313 3128 583 3179 situdines.
647 3130 1040 3182 Exaudiendum
1063 3139 1235 3182 autem
1259 3148 1369 3183 ver-

316 3204 627 3267 bum‚eront.
675 3204 935 3256 Muretus.
983 3210 1250 3259 Sententia
1283 3226 1368 3261 ex-

314 3276 492 3343 pedita
517 3285 614 3341 est,
647 3280 874 3343 quamvis
897 3294 1097 3332 omnem
1126 3286 1367 3336 excluda-

313 3368 426 3405 mus
469 3354 916 3405 emendationem:
951 3371 1051 3420 qua
1095 3373 1194 3407 non
1238 3375 1369 3424 opus

309 3431 529 3493 auctori,
547 3431 632 3495 qui
651 3430 984 3494 peculiariter
1001 3446 1139 3497 saepe
1153 3444 1371 3499 usurpat

311 3506 661 3557 accusativum
683 3520 834 3571 quam
856 3506 1161 3559 absolutum.
1205 3510 1371 3574 Supra

311 3600 358 3634 c.
382 3590 464 3636 ⁸8.
507 3585 636 3636 fuit:
671 3585 1030 3652 ‘Adequitare
1071 3590 1368 3650 castris,in·

308 3659 516 3711 femare
533 3662 750 3725 pabula;
787 3676 847 3713 ac
871 3676 1027 3730 saepe,
1047 3666 1254 3715 modum
1279 3667 1366 3718 ob-

310 3736 450 3796 sidii,
470 3737 776 3788 stationibus
821 3739 1098 3803 cingebat)
1160 3742 1366 3792 Similes

308 3812 597 3862 locutiones
637 3822 918 3865 occurrent
942 3816 1083 3868 Hist.
1115 3830 1156 3867 1.
1190 3822 1273 3868 44.
1297 3832 1362 3868 ιι.

309 3891 391 3938 78.
413 3902 500 3937 ιιι.
521 3892 602 3937 61.
639 3902 718 3938 ιν.
757 3896 837 3941 18.
873 3898 928 3940 et
954 3897 1031 3944 19.
1065 3893 1280 3959 aliisque
1307 3902 1365 3945 ut

309 3964 439 4013 alias
464 3962 818 4015 ostendemus:
855 3982 969 4017 nam
989 3970 1171 4021 isthaec
1211 3972 1364 4023 modo

309 4038 696 4105 praecipitamus
711 4054 832 4090 vere
856 4056 920 4091 ex
939 4050 1198 4109 tempore;
1234 4048 1363 4099 adeo

306 4116 513 4182 quidem
537 4122 598 4166 ut
617 4130 683 4165 ne
719 4118 980 4181 relegendi
1013 4122 1218 4186 quidem
1242 4138 1361 4173 con-

303 4206 452 4244 cessa
476 4191 714 4244 facultas.
751 4194 998 4247 Gruterus.
1063 4200 1234 4249 Nolim
1253 4216 1362 4251 niu·

303 4260 420 4320 tare
441 4268 544 4323 uice
565 4284 682 4324 eum
703 4270 894 4338 mpsim
930 4274 1080 4327 Facit
1099 4278 1360 4343 vulgatum

1460 561 1681 611 eundem
1704 575 1927 622 sensnm,
1950 565 2005 608 et
2026 573 2171 624 aeque
2194 559 2513 624 expeditum.

1463 639 1576 688 Nec
1618 638 1772 688 aliter
1804 643 2061 687 structura
2100 635 2165 685 ad
2194 637 2363 686 Taciti
2404 651 2515 686 mo·

1461 729 1598 764 rein:
1655 715 1740 780 qni
1796 713 1954 765 verba
2002 727 2143 778 saepe
2196 711 2513 774 subintelligi

1457 791 1585 852 vult,
1608 797 1665 841 ut
1685 791 1789 850 hic,
1800 789 1985 851 frontis
2004 795 2047 838 et
2060 787 2191 850 tergi
2207 787 2331 837 cites
2344 793 2516 852 essem,

1459 867 1540 914 vel
1556 865 1795 924 facerem.
1866 865 2149 915 Acidalius.

1522 941 1665 990 Falso
1694 941 1899 1004 eredita]
1930 943 2091 1004 Lego,
2122 939 2301 1001 dedita,
2322 938 2405 988 vel
2442 938 2516 988 dt·-

1455 1015 1576 1065 ditu.
1644 1017 1717 1067 At
1759 1018 2015 1080 Josephus
2056 1031 2237 1064 revera
2284 1015 2513 1064 occisum

1455 1107 1569 1141 enm
1597 1092 1754 1141 tradit
1773 1094 1808 1141 l.
1828 1106 1995 1142 xviri.
2059 1091 2266 1154 Lipsius.

1520 1167 1659 1216 Can.
1698 1171 1780 1216 30.
1821 1167 1993 1216 (mimi
2019 1166 2048 1195 ·
2079 1164 2363 1230 inperitia]
2393 1163 2513 1214 Nisi

1456 1244 1578 1308 qnid
1602 1243 1741 1294 desit
1763 1243 1885 1309 (nec
1908 1251 2031 1308 puto
2056 1245 2246 1302 hercle,
2270 1243 2513 1306 quoniam

1456 1325 1567 1368 tota
1588 1319 1685 1369 bac
1704 1321 1998 1369 narratione
2036 1317 2157 1368 belli
2173 1319 2377 1368 externi
2392 1331 2513 1367 con·

1453 1395 1587 1444 cisns
1606 1394 1839 1458 Tacitus)
1859 1395 2127 1444 commodo
2151 1395 2509 1444 restituemus:

1451 1471 1588 1532 regni
1600 1473 1747 1520 ultum
1762 1473 1842 1522 iit.
1866 1472 2041 1536 peritia
2064 1472 2096 1521 l.
2116 1485 2163 1519 a.
2178 1470 2223 1520 Ι.
2246 1485 2309 1518 ιιι.
2327 1483 2511 1532 pugno·

1451 1551 1568 1594 tum.
1639 1546 1796 1598 Amat
1830 1548 1909 1597 ita
1928 1547 2068 1610 loqui
2106 1555 2298 1605 noster,
2320 1553 2375 1592 et
2404 1543 2515 1610 Sal·

1450 1621 1668 1671 iustius:
1702 1622 1719 1650 ⁴
1746 1622 1913 1673 Quam
1938 1621 2160 1670 maxima
2181 1634 2306 1669 cura
2342 1619 2511 1668 ultum

1449 1696 1528 1746 ire
1551 1697 1765 1760 injurias
1790 1696 2041 1746 festinat.'
2106 1695 2313 1758 Lipsius.

1519 1773 1637 1822 Tota
1656 1775 1773 1822 moto
1789 1772 1927 1834 reg-ni
1944 1771 2127 1834 ultimi]
2160 1768 2412 1820 concisus
2427 1773 2511 1818 est

1447 1850 1580 1898 serio
1600 1855 1775 1898 noster
1796 1849 1849 1896 in
1884 1847 1979 1896 bac
2012 1846 2213 1896 externi
2248 1843 2369 1894 belli
2390 1857 2509 1893 nar·

1448 1924 1682 1974 ratione:
1716 1919 1813 1972 ne‘c
1846 1923 2045 1985 mirum,
2082 1921 2366 1984 prasertim
2389 1933 2510 1969 eum

1445 2015 1728 2065 suppressa
1792 2000 1858 2050 tle
1912 2005 2158 2049 contextu
2210 1997 2465 2062 prodeant
2490 2011 2510 2058 ς

1449 2077 1654 2140 respice
1676 2077 1741 2126 ad
1756 2077 1884 2139 haec,
1914 2076 2051 2126 Ann.
2076 2075 2110 2124 l.
2129 2087 2224 2122 xv.
2258 2075 2275 2103 ⁸
2301 2073 2419 2122 Non
2442 2085 2508 2120 ea

1449 2152 1779 2217 imperatoris
1820 2151 2018 2200 habere
2074 2149 2336 2211 mandata,
2384 2147 2508 2196 Cor-

1449 2229 1602 2282 bulo:
1640 2229 1871 2294 periculo
1891 2229 2151 2291 legionum
2192 2231 2506 2275 commotum

1450 2319 1480 2354 e
1536 2301 1803 2368 provincia
1849 2317 2108 2367 egressum
2124 2300 2157 2350 :⁹
2208 2311 2377 2350 nonne
2418 2298 2506 2348 liic

1450 2380 1653 2442 siletur,
1686 2375 1963 2442 respondit?
1996 2379 2109 2438 lege
2132 2389 2245 2440 quae
2286 2387 2507 2438 sequnn-

1449 2461 1550 2505 tur.
1585 2453 1717 2505 Eod.
1743 2455 1836 2505 lib.
1879 2451 1895 2481 ‘
1918 2451 1993 2503 At
2012 2449 2282 2515 Vologesis
2300 2449 2367 2498 ad
2382 2449 2507 2499 Cor-

1449 2530 1691 2581 bulonem
1712 2529 1851 2581 missi
1874 2528 2062 2590 nuntii,
2076 2526 2376 2577 detraheret
2397 2538 2507 2575 cas-

1448 2607 1571 2655 tella
1596 2614 1739 2656 trans
1764 2605 2079 2669 Euphraten,
2115 2614 2423 2666 amnemque
2442 2606 2506 2652 nt

1445 2682 1671 2733 omnium
1692 2682 1915 2733 medium
1939 2679 2173 2731 faceret.’
2222 2678 2360 2733 Quid
2382 2677 2503 2728 hic?

1437 2756 1758 2821 postulabant.
1814 2756 2027 2806 Pariter
2049 2771 2110 2804 ex
2136 2755 2245 2805 his:
2280 2768 2391 2803 mox
2410 2752 2505 2803 Ar-

1443 2833 1642 2883 tabanus
1656 2838 1759 2883 tota
1782 2834 1901 2882 mole
1917 2832 2057 2895 regni
2068 2831 2244 2893 ultimi,
2263 2829 2504 2893 emergit,

1439 2909 1599 2970 adsuit
1616 2927 1639 2969 ‚·
1671 2916 1725 2959 et
1748 2925 1811 2959 ex
1848 2909 1942 2973 bis,
1974 2910 2026 2958 id
2066 2908 2245 2973 peritia
2281 2909 2503 2970 locoru»,

1441 2985 1691 3049 erumpit,
1710 2986 1948 3049 prelium,
1984 2998 2099 3050 quoe
2118 2983 2288 3033 omnia
2308 2983 2363 3031 in
2386 2994 2504 3047 pro-

1444 3062 1564 3110 clivi
1586 3067 1735 3111 sunt:
1766 3074 1885 3109 nam
1909 3061 2060 3124 paulo
2083 3065 2207 3109 ante
2229 3058 2504 3107 Cornelius

1442 3135 1548 3199 egit
1572 3134 1635 3184 de
1660 3136 1837 3186 Orode
1849 3135 1955 3185 filio
1969 3134 2237 3197 Artabani,
2257 3134 2342 3199 qui
2352 3133 2503 3196 jussu

1443 3210 1605 3273 patris
1616 3210 1727 3274 jam
1762 3210 2005 3260 adversus
2029 3210 2210 3260 Iberos
2240 3222 2503 3273 pugnave-

1443 3292 1544 3348 rat,
1587 3292 1643 3335 et
1683 3286 1847 3335 victus
1880 3285 2067 3336 fuerat.
2132 3286 2266 3335 Here
2309 3293 2509 3349 antem,

1439 3367 1544 3412 totu
1565 3364 1681 3411 mole
1702 3363 1839 3423 regni
1854 3364 2027 3425 ultimi,
2044 3361 2339 3425 significant
2364 3360 2501 3425 Hyr·

1443 3452 1600 3487 canos
1624 3444 1679 3486 et
1700 3436 2027 3497 Bactrianos,
2058 3436 2208 3484 ‘dum
2236 3436 2368 3499 ipse,
2407 3450 2501 3499 po-

1441 3514 1550 3561 sitis
1600 3511 1845 3562 adversus
1897 3511 2171 3575 Hyrcanos
2211 3510 2503 3575 discordiis,

1441 3588 1578 3637 vires
1620 3587 1824 3637 intimas
1862 3587 2149 3651 molemque
2190 3588 2314 3638 belli
2358 3588 2503 3640 ciet!

1441 3664 1531 3723 Et,
1562 3663 1578 3689 ‘
1599 3678 1664 3712 an
1698 3662 1946 3712 interiora
1983 3664 2128 3727 regni
2170 3664 2249 3713 sui
2271 3670 2499 3729 peteret,

1438 3739 1574 3790 baud
1599 3738 1755 3788 dubie
1784 3740 2045 3803 potentior
2068 3748 2249 3790 auctor
2270 3754 2501 3805 proesens

1438 3815 1643 3867 futurus
1666 3816 1859 3875 ultimis
1882 3818 2121 3879 gentibus
2143 3819 2361 3882 impigre
2388 3818 2506 3868 be}-'

1438 3896 1542 3943 lum
1569 3893 1913 3957 capessendi?
1979 3894 2178 3947 Quibus
2214 3895 2497 3958 adstipula-

1442 3976 1528 4019 tur
1549 3970 1755 4019 Curtius
1784 3970 1873 4019 lib.
1896 3984 1948 4020 v.
1980 3972 1997 3999 ⁶
2014 3972 2209 4020 Ultima
2240 3972 2381 4035 regni
2406 3970 2497 4021 ad·

1437 4046 1537 4096 buc
1557 4046 1756 4097 intacta
1775 4046 1927 4095 esse?
1957 4046 2027 4096 Et
2042 4046 2132 4096 lib.
2152 4060 2230 4095 tv.
2254 4047 2305 4095 in
2338 4046 2355 4075 ⁸
2378 4046 2501 4097 Me&

1437 4120 1594 4184 diam,
1622 4122 1959 4191 Hyrcaniam,
1988 4123 2204 4185 Bactra,
2244 4128 2299 4172 et
2331 4122 2490 4172 Indos

1437 4197 1639 4248 Oceani
1689 4198 1893 4248 accolas
1936 4196 2141 4263 quando
2184 4198 2442 4251 aditurum
2458 4196 2503 4249 Ρ

1437 4272 1783 4327 Quamobrem
1836 4274 1891 4326 in
1940 4280 2121 4326 nostro
2180 4276 2493 4331 brevitatem
