3175 4925
92 2540 95 2549 ,.
89 2457 98 2489 „-
90 2379 96 2414 v-
90 2301 96 2334 ἡ
90 2223 98 2258 -η
90 2175 92 2182 -

91 2614 98 2877 -η--Ὶ-

1080 387 1421 438 canunt.
1469 389 1634 438 car.
1676 374 1745 440 3.

306 528 604 578 Ammianus
655 530 794 581 hunc
833 529 1102 592 describit,
1141 531 1160 560 ‘
1183 531 1367 582 chino-

306 620 414 654 rem
436 604 594 654 fuisse
614 605 906 667 niaximum,
921 606 1008 670 qui
1027 608 1139 670 ipso
1155 603 1366 657 fervore

305 682 643 730 certaminum
661 682 898 730 exoriens
913 681 1365 745 identidem,paul-

304 757 552 823 latimque
595 759 915 822 adolescens,
959 760 1064 810 ritu
1096 759 1366 808 extollitur

305 832 554 885 fluctuum
577 834 815 885 cautibus
831 833 1115 886 illisorum!
1148 834 1286 898 Lips.

369 911 596 960 Bar-itum
635 911 822 974 vocant]
894 911 923 939 ⁸
948 911 1193 960 Germani
1246 899 1364 958 soor!

304 988 583 1049 appellant,
609 993 833 1036 tractum
857 985 1182 1036 vocabulum.
1249 985 1366 1034 Nisi

305 1063 462 1112 debet
481 1079 594 1113 esse
617 1063 882 1112 blm-ritum.
950 1063 1032 1111 De
1053 1069 1210 1111 cantu
1235 1061 1365 1112 Ger·

307 1152 572 1187 manorum
629 1138 864 1202 proelium
904 1137 1192 1188 ineuntium
1239 1137 1364 1186 Tac.

307 1212 446 1264 Hist.
462 1227 538 1264 tv.
562 1213 578 1240 ‘
601 1214 674 1262 Ut
700 1214 918 1262 virorum
957 1220 1134 1274 cantu,
1156 1213 1366 1262 femina-

305 1302 416 1337 rum
442 1288 640 1338 ululatu
661 1288 828 1338 sonuit
852 1286 1026 1338 acies.’
1092 1289 1364 1338 Rhenanus.

306 1364 554 1416 Quamvis
592 1363 762 1414 bardas
804 1364 971 1414 Nonio
993 1363 1080 1424 sit,
1109 1365 1367 1427 vipropria

303 1445 351 1492 et
373 1440 562 1502 ingenio
595 1441 778 1502 tardus,
814 1440 1114 1490 Graecorum
1148 1440 1367 1488 auctori-

307 1520 432 1576 tate,
465 1515 647 1580 quibus
685 1513 938 1578 Βόρδιστος
970 1516 1110 1579 piger
1130 1522 1178 1565 et
1201 1519 1367 1566 tardas

305 1590 531 1651 dicitur;
576 1592 650 1642 sic
692 1593 848 1642 Hom.
883 1592 996 1642 Ilia.
1027 1599 1087 1641 Ψ.
1113 1593 1232 1657 equi
1255 1591 1368 1658 βάρ-

302 1669 450 1715 διστοι
463 1661 590 1717 di'cti
605 1667 761 1729 tardi,
773 1674 829 1716 et
840 1669 996 1717 Festo
1015 1668 1210 1718 Barda·
1225 1684 1255 1717 a
1265 1674 1366 1718 tur-

301 1744 454 1793 ditate
495 1743 678 1806 ingenii
719 1746 998 1808 appellatur,
1039 1744 1364 1795 nihilominus

300 1817 458 1867 Bardi
490 1820 702 1883 proprie
741 1821 878 1870 inter
922 1819 1100 1870 Gallos
1138 1821 1364 1870 homines

302 1892 468 1956 fuere,
487 1895 646 1946 fortia
667 1897 940 1946 illustrium
979 1899 1202 1947 virorum
1223 1896 1366 1948 facta

303 1969 526 2020 heroicis
595 1974 885 2037 composita
941 1974 1193 2037 versibus,
1245 1989 1362 2024 cum

302 2046 540 2096 dulcibus
592 2048 704 2096 lirae
759 2050 977 2100 modulis
1031 2050 1364 2112 cantitantes,

305 2127 440 2170 teste
473 2122 778 2172 Marcellino
821 2125 910 2176 lib.
955 2139 1030 2174 iv.
1068 2125 1135 2174 de
1180 2127 1364 2190 quibus

305 2197 542 2246 Lucanus
585 2198 674 2248 lib.
711 2214 753 2251 1.
785 2201 1004 2254 Plurima
1022 2199 1367 2258 securifuditis

301 2272 514 2321 carmina
531 2273 706 2322 Bardi.
753 2274 906 2327 Quod
927 2287 1048 2323 vero
1067 2275 1222 2324 Bardi
1244 2274 1366 2324 Gal-

300 2348 338 2396 li
379 2363 570 2411 genere
612 2356 808 2410 essent,
851 2357 1047 2412 preter
1073 2350 1186 2413 jam
1223 2349 1366 2399 dicta

303 2425 578 2475 coufirmat
619 2426 780 2476 etiam
822 2425 1146 2489 Hesychius:
1200 2425 1366 2491 Βαρδοὶ

303 2500 448 2551 &odoi
502 2500 628 2559 παρὰ
687 2498 938 2551 Γαλάταις.
1002 2501 1194 2550 Verum
1245 2503 1367 2567 quia

301 2577 461 2626 Bardi
501 2577 833 2627 laudabilium
875 2577 1228 2628 doctrinarum
1263 2584 1366 2627 stu-

302 2652 401 2703 diis
420 2652 807 2714 incumbebant,
833 2668 930 2701 nec
953 2652 1018 2701 ad
1037 2652 1234 2703 militiae
1258 2668 1366 2703 mu·

303 2743 430 2779 nera
450 2729 598 2791 proni
623 2737 790 2790 eraut,
817 2729 936 2777 hinc
973 2727 1110 2779 forte
1130 2736 1186 2779 et
1209 2729 1368 2779 Bardi

302 2805 608 2868 nuncupati,
628 2805 726 2855 hoc
748 2811 850 2865 est,
869 2804 1024 2853 tardi.
1078 2804 1232 2854 Unde
1241 2805 1366 2868 jure

303 2882 499 2945 optimo
538 2882 721 2930 Zasius
763 2882 816 2928 iu
855 2880 982 2943 epit.
1019 2878 1162 2929 feud.
1197 2881 1279 2930 tit.
1298 2881 1365 2930 de

301 2957 446 3007 seud.
487 2972 710 3007 success.
767 2964 1032 3005 strenuum
1086 2956 1250 3004 virum
1304 2971 1366 3006 ac

305 3032 606 3082 bellicosum
629 3032 772 3080 bardo
790 3030 1048 3094 opposuit.
1084 3029 1165 3079 Ab
1185 3031 1368 3080 horum

305 3106 576 3156 Bai-dorum
626 3114 784 3157 cantu
837 3104 1056 3155 forsitan
1113 3105 1372 3154 Bur-disum

307 3180 502 3233 dictum
538 3188 748 3231 cantum
779 3181 1048 3243 illum,seu
1071 3180 1370 3240 clamorem,

307 3272 411 3323 quo
447 3271 544 3321 per
583 3257 734 3305 initia
765 3270 952 3318 pugnae
981 3254 1225 3305 Germani
1247 3254 1369 3304 Gal-

307 3332 391 3381 liis
416 3332 739 3392 contermini,
770 3332 848 3379 usi
867 3335 1006 3389 sunt,
1029 3330 1202 3379 Taciti
1227 3329 1372 3378 testi-

307 3410 500 3461 monio.
567 3406 817 3458 Nonnulli
841 3414 1018 3455 textus
1040 3406 1220 3467 legunt
1241 3404 1370 3453 Bur·

307 3487 478 3545 ritum,
521 3496 621 3533 non
645 3484 919 3543 Bar-ditum,
953 3494 1051 3531 uec
1076 3480 1370 3531 mehercule

307 3562 515 3625 injuria.
581 3559 844 3623 Siquidem
865 3558 942 3607 ita
959 3555 1258 3607 Ammianus
1281 3555 1370 3605 lib.

311 3650 428 3687 xvr.
486 3636 551 3685 de
606 3634 879 3686 Germanis
930 3641 987 3684 et
1058 3632 1370 3685 Alemannis.

311 3712 450 3764 Hinc
475 3727 626 3777 quem
649 3712 888 3761 dissonum
907 3715 956 3760 et
978 3716 1158 3759 trucem
1185 3714 1372 3759 castam

309 3788 484 3837 Livius
505 3788 595 3837 lib.
621 3801 671 3837 v.
694 3786 1002 3851 appellavit,
1037 3793 1094 3834 et
1121 3784 1372 3847 vegetius

309 3876 394 3913 ιιι.
413 3868 491 3913 18.
516 3863 746 3913 bar-ritum
765 3862 988 3923 vocavit,
1001 3860 1137 3910 idem
1155 3860 1370 3909 Tacitus

309 3940 464 4003 paulo
487 3938 623 3989 infra
659 3943 868 4001 cantum,
890 3936 1166 3999 fremitum,
1199 3937 1372 3983 clamo-

309 4028 498 4079 remque
534 4013 768 4063 dissonum
797 4012 1131 4076 nuncupavit.
1197 4010 1373 4059 Bam·-

310 4099 413 4142 tm
449 4098 622 4141 antem
665 4090 800 4139 bunc
843 4090 1040 4139 dictum
1077 4086 1374 4137 existimant

309 4168 522 4235 quidam
537 4182 568 4216 a
580 4164 915 4217 similitudine
931 4163 1213 4214 inconditoe
1231 4162 1374 4211 vocis

312 4242 591 4311 elephanti,
612 4256 766 4310 quem
787 4240 969 4292 burt-ire
994 4238 1156 4293 tradit
1175 4236 1374 4305 Sparti-

2330 369 2507 438 4325

1443 545 1570 592 anus
1591 531 1645 580 in
1670 530 1933 582 Antonino
1965 531 2121 595 Geta,
2164 534 2301 584 unde
2324 541 2379 584 et
2402 534 2508 586 δα·-

1437 623 1521 658 rus
1542 607 1751 672 elephas
1776 609 1975 658 Latinis
2010 611 2197 670 dictus,
2230 618 2290 661 ut
2310 611 2506 662 docent

1439 683 1755 748 interpretes
1776 684 1829 732 in
1855 683 2065 734 Horatii
2087 685 2253 748 Epod.
2274 690 2351 738 12.
2390 686 2503 736 Hu-

1430 761 1731 825 juscemodi
1763 762 2009 824 clamore,
2030 761 2113 810 vel
2136 761 2319 812 saltem
2342 763 2508 814 consi-

1438 837 1569 896 mili,
1605 851 1709 886 non
1746 838 1911 888 solum
1940 837 2229 888 Germanos
2262 852 2377 886 usos
2408 853 2502 902 per

1439 913 1585 962 initia
1628 927 1833 978 pugnae,
1872 913 1965 962 sed
2010 919 2067 972 et
2103 911 2229 960 alias
2268 913 2504 964 nationes

1439 988 1790 1038 observamus.
1855 988 2031 1038 Livius
2050 987 2083 1038 l.
2108 1001 2183 1038 iv.
2204 991 2286 1036 87.
2311 988 2345 1037 l.
2362 1000 2503 1038 ιιι.

1439 1069 1523 1116 84.
1549 1066 1619 1114 Et
1640 1065 1731 1114 lib.
1772 1077 1859 1114 ιι..
1881 1064 1949 1112 de
1980 1063 2225 1114 Romanis
2260 1063 2505 1114 adversus

1440 1141 1660 1204 Ligures
1682 1139 2004 1204 pugnaturis.
2072 1139 2249 1189 Caesar
2270 1138 2381 1188 Civ.
2412 1138 2501 1192 lib.

1441 1229 1526 1266 ιιι.
1549 1220 1632 1266 92.
1670 1215 1785 1264 Hoc
1808 1214 1945 1264 idem
1986 1212 2153 1263 refert
2188 1211 2503 1264 Plutarchus

1442 1293 1495 1342 in
1535 1292 1753 1342 Caesaris
1793 1293 1918 1340 vita.
1998 1291 2176 1339 Coesar
2223 1289 2361 1340 Gall.
2402 1302 2503 1340 vn.

1441 1381 1464 1406 0
1485 1369 1690 1419 Hirtius
1712 1368 1779 1417 de
1804 1369 1937 1418 bello
1952 1365 2105 1430 Hisp.
2154 1365 2183 1396 ⁸
2206 1367 2285 1416 Ex
2307 1366 2404 1426 liis,
2446 1365 2503 1416 id

1440 1444 1595 1492 moris
1634 1441 1793 1492 fuisse
1836 1442 1983 1491 Italis
2023 1448 2081 1490 et
2132 1440 2399 1504 Hispanis,
2442 1447 2505 1500 ut

1443 1520 1556 1570 scil.
1595 1519 1877 1584 pugnaturi
1928 1519 2205 1568 clamorem
2267 1517 2505 1578 ederent,

1440 1610 1597 1660 quam
1638 1601 1871 1659 possent,
1929 1594 2225 1652 maximum,
2266 1590 2506 1642 manifes-

1443 1678 1552 1720 tum
1591 1677 1689 1732 est,
1718 1669 1857 1734 quod
1895 1676 1951 1719 et
1996 1666 2063 1717 de
2098 1667 2369 1718 Germanis
2392 1665 2507 1715 dix-

1438 1747 1586 1799 imus.
1634 1750 1722 1797 De
1746 1747 1921 1796 Poenis
1942 1748 2121 1797 Livius
2144 1761 2301 1798 xxvi.
2322 1752 2374 1796 6.
2419 1746 2501 1794 De

1440 1823 1607 1874 Gallis
1630 1837 1749 1874 ιιι.
1770 1827 1854 1874 28.
1918 1825 2023 1873 Sed
2048 1831 2101 1872 et
2121 1830 2243 1872 ante
2277 1824 2369 1872 hos
2398 1835 2505 1872 om·

1437 1914 1526 1948 nes
1549 1900 1603 1949 id
1642 1898 1839 1949 factum
1863 1900 2021 1948 etiam
2046 1915 2077 1948 a
2101 1898 2319 1960 Graecis,
2346 1897 2505 1946 docet

1437 1974 1699 2026 Homerus
1722 1975 1869 2026 iliad.
1889 1983 1951 2026 Δ.
1986 1975 2053 2025 de
2082 1975 2313 2038 Trojanis
2334 1973 2388 2022 οὗ
2407 1972 2503 2037 γὰρ

1434 2047 1623 2100 πάντων
1658 2049 1741 2109 ἦεν
1776 2049 1887 2111 ὁμὸς
1918 2049 2069 2114 θρόος,
2110 2050 2205 2099 οὐδ’
2247 2049 2298 2096 ἴα
2333 2049 2500 2113 γῆρνσ.

1441 2127 1595 2177 Quod
1620 2127 1818 2188 pariter
1839 2127 2113 2176 confirmat
2134 2125 2387 2188 Polybius
2408 2123 2501 2174 lib.

1440 2198 1573 2248 ιι·
1624 2200 1819 2248 Verum
1861 2199 2225 2248 concludamus
2261 2199 2315 2246 in
2354 2205 2505 2248 testu

1438 2272 1609 2323 Taciti
1654 2274 1759 2337 legi
1796 2289 1949 2338 posse
1972 2275 2231 2324 Barditnns
2253 2280 2308 2323 et
2330 2273 2505 2324 Borri-

1439 2352 1572 2405 eum
1612 2363 1833 2414 namque
1872 2349 2069 2398 utravis
2103 2349 2265 2398 lectio
2304 2348 2505 2398 ratione

1441 2438 1546 2475 non
1570 2432 1737 2488 caret,
1760 2433 1820 2476 nt
1842 2426 2079 2477 diximus.
2146 2427 2307 2477 Marc.
2340 2425 2503 2477 Dono-

1440 2506 1534 2552 tns.
1602 2502 1781 2565 Lipsio
1820 2504 1983 2567 magis
2023 2504 2216 2568 placet,
2260 2504 2503 2553 Barium.

1441 2576 1530 2627 Ita
1557 2584 1702 2627 certe
1722 2584 1941 2627 vocatur
1960 2577 2027 2626 ab
2049 2577 2221 2628 Amm.
2241 2576 2507 2627 Marcelli-

1439 2665 1507 2702 no
1526 2652 1619 2703 lib.
1640 2665 1797 2703 ιιιι.
1827 2654 1844 2681 ‘
1868 2660 1923 2704 et
1946 2655 2163 2705 Romani
2188 2654 2395 2719 quidem
2420 2668 2507 2705 vo-

1442 2741 1502 2777 ce
1527 2727 1755 2793 undique
1774 2729 1970 2779 Martia
1991 2729 2348 2789 concinentes,
2364 2744 2395 2777 a
2414 2729 2509 2779 mi-

1441 2818 1564 2853 nore
1585 2804 1741 2854 solita
1753 2804 1819 2854 ad
1836 2805 2083 2869 majorem
2102 2805 2335 2868 protolli,
2351 2818 2507 2869 quam

1443 2880 1738 2943 gentilitate
1759 2881 2025 2945 appellant
2058 2879 2327 2937 barritum,
2368 2879 2505 2929 vires

1443 2954 1639 3003 validas
1657 2955 1965 3017 erigebant?
2000 2955 2227 3005 Pictam.

1512 3030 1671 3085 Quam
1723 3030 1921 3078 virtutis
1989 3036 2233 3079 concentus
2292 3030 2507 3093 uidetur]

1443 3102 1863 3167 Bambergensis,
1876 3118 2014 3166 quam
2034 3104 2208 3153 mentis
2227 3108 2504 3167 concentus,-

1445 3177 1583 3242 quod
1620 3177 1755 3227 baud
1780 3176 2053 3241 praeferam
2082 3178 2323 3241 vulgatae.
2370 3178 2507 3243 Lips-

1511 3254 1615 3301 Nec
1656 3258 1755 3301 tum
1805 3267 1935 3301 noces
1978 3254 2094 3314 illa,
2134 3267 2273 3317 quam
2308 3252 2507 3301 υἰῆιιὲίε

1444 3333 1693 3377 concentus
1734 3326 1976 3389 uideatur]
2052 3326 2137 3376 Ita
2173 3327 2405 3377 Venetus
2445 3342 2509 3378 ac

1447 3402 1582 3451 Bon.
1607 3402 1797 3466 Vulgo,
1834 3417 1919 3452 nec
1946 3407 2047 3451 tans
2078 3403 2204 3451 cocis
2238 3404 2337 3465 ille,
2366 3418 2507 3467 quarn

1443 3478 1641 3527 virtutis
1684 3483 1928 3527 concentus
1981 3479 2184 3528 uidetur.
2262 3479 2509 3529 Pichena.

1444 3554 1652 3617 Lipsius
1706 3555 2106 3617 Bambergensis
2154 3554 2271 3605 cod.
2324 3554 2508 3607 lectio-

1445 3642 1562 3677 nem
1620 3627 1768 3679 flocci
1818 3627 1965 3677 facit.
2030 3628 2107 3679 At
2155 3630 2393 3680 hercules
2430 3630 2509 3681 ita

1447 3704 1570 3753 mihi
1612 3703 1818 3753 videtur
1859 3704 2072 3753 Tacitus
2112 3705 2399 3769 scripsisse,
2446 3711 2509 3755 ut

1445 3778 1574 3828 illud
1614 3778 1951 3828 Homericum
1997 3779 2109 3829 scil.
2152 3780 2505 3843 exprimeret:

1448 3855 1508 3903 Οἱ
1562 3855 1602 3904 δ’
1657 3853 1726 3917 ἄρ’
1764 3854 1875 3903 ἴσαν
1925 3858 2041 3919 σιγῇ
2079 3852 2223 3916 μένεα
2272 3853 2508 3907 πνείοντες

1446 3930 1649 3993 Ἀχαιοὶ,
1698 3932 1776 3981 Ἐν
1809 3934 1932 3993 θυμῷ
1968 3934 2209 3993 μεμαῦνες
2253 3931 2500 3995 assedam·

1447 4006 1747 4065 ἀλλήλοισιν·
1810 4009 1901 4057 Ast
1927 4007 2060 4073 ibunt
2086 4007 2227 4055 taciti
2274 4010 2510 4072 spir-nm

1448 4085 1591 4133 robur
1614 4084 1800 4145 Achaei,
1834 4083 1982 4145 Inque
1996 4082 2144 4131 vicem
2181 4084 2415 4133 auxilians
2432 4088 2507 4133 tu·

1445 4160 1544 4209 cita
1563 4156 2069 4218 sibimenteserebune.
2105 4158 2344 4208 Colerus.
2506 4147 2521 4227 J

1519 4234 1709 4287 Ulixem
1753 4232 1967 4299 quidm}
2017 4231 2046 4262 ⁵
2080 4231 2310 4301 itemque
2344 4226 2516 4285 Mela.¹
