3175 4925
103 4140 105 4149 -
103 4046 107 4073 —
103 3966 107 3997 —
102 3890 109 3923 .-
102 3816 107 3849 —
103 3740 107 3773 -.-

267 3826 273 3836 ,
360 3783 407 3830 Ε
430 3782 617 3847 fiducia
648 3783 857 3833 tarditas
877 3783 1060 3847 inerat]

739 396 885 445 mu.
934 377 1379 444 uren-11·
1426 391 1982 440 meu-oannem.

272 539 751 593 terriculamentum
770 535 1217 588 Senatusconsulti
1232 533 1327 584 eti·

276 629 375 676 arn,
396 629 499 664 non
518 612 797 673 terriculis,
819 611 913 660 sed
944 611 995 659 vi
1016 610 1327 674 eloquentie

270 699 323 740 et
366 690 543 754 gratim
584 705 689 739 suae
734 687 1085 738 annitebatur.
1144 686 1329 734 Grono-

270 780 389 814 vm.

339 841 661 902 'traxeratque
680 853 900 900 magnam
914 843 1105 888 senam
1121 838 1330 902 pmcn]

272 915 552 978 Exemplar
575 915 795 978 regium,
817 914 1137 976 traxeratque
1157 915 1333 975 mugis-

270 995 423 1040 trotus
439 1005 489 1052 p.
526 990 689 1040 Rhen.

342 1065 472 1116 Dedi
508 1067 571 1114 od
612 1064 813 1114 exitium
844 1065 1163 1127 postularent]
1250 1064 1333 1115 Sic

271 1141 498 1189 Florent.
534 1140 723 1200 Vulgo,
742 1141 1020 1202 postularet.
1055 1139 1205 1190 Pieh.

320 1216 543 1270 Quamvis
556 1215 796 1280 infirmnm
810 1220 857 1264 et
876 1217 1135 1279 trecenteni]
1160 1215 1333 1280 Scrip-

274 1291 450 1353 simus,
491 1289 717 1346 Quavis
752 1290 955 1340 invisum
986 1305 1043 1341 ue
1077 1296 1331 1341 nocentem.

276 1366 443 1415 Rheu.

342 1437 691 1500 Meminerant]
771 1439 937 1490 Tacit.
983 1439 1123 1490 Hist.
1163 1454 1239 1491 lv,
1281 1440 1335 1490 in

276 1517 510 1570 oratione
553 1515 726 1566 Curtii
764 1515 1039 1576 Montani;
1083 1521 1141 1567 et
1182 1517 1334 1579 paulo

276 1598 411 1654 post,
466 1590 553 1640 ubi
600 1589 827 1638 occurrit
865 1590 1083 1653 junctus
1134 1592 1151 1619 ‘
1175 1591 1337 1656 Eprio

274 1666 564 1716 Marcello!
602 1665 754 1716 Socii.

341 1744 475 1793 Cae.
501 1746 581 1792 11.
604 1741 743 1793 Loeta
767 1741 982 1806 interim]
1016 1741 1337 1793 Adverbium

273 1819 371 1870 hoc
408 1819 461 1868 in
500 1819 724 1882 vulgatis
736 1833 934 1880 ,vacans
956 1817 1183 1879 restitui,
1223 1818 1339 1866 Flo-

274 1894 469 1944 rentini
502 1899 557 1943 et
592 1895 725 1944 Ven.
761 1903 817 1944 et
849 1893 1065 1944 aliorum
1106 1899 1341 1942 veterum

278 1970 613 2022 auctoritate.
648 1969 790 2020 Pieli.

345 2047 525 2094 Othoni
561 2046 823 2110 principia]
895 2045 963 2108 Iu,
997 2043 1343 2095 describendo

276 2137 387 2173 rem
428 2123 561 2171 tanti
588 2123 855 2184 momenti,
888 2120 1053 2185 qualis
1085 2121 1197 2170 haec
1222 2118 1341 2179 fuit,

275 2197 416 2248 inter
436 2196 707 2245 Vitellium
747 2204 803 2245 et
844 2196 1102 2246 Othonem
1130 2195 1345 2256 agitata,

276 2271 505 2332 Tacitus,
520 2277 578 2318 ut
593 2271 714 2319 mihi
727 2270 936 2334 quidem
953 2267 1175 2332 videtur,
1190 2268 1345 2328 longe

280 2345 454 2408 seipso
474 2342 688 2394 inferior
711 2350 823 2404 est;
855 2343 1074 2406 omissis,
1093 2355 1211 2406 quae
1235 2343 1346 2406 plu-

281 2423 461 2473 rimum
482 2423 584 2473 huc
606 2421 1249 2486 faciunt‚circumstantiis,
1266 2435 1345 2471 as-

280 2513 565 2563 serensque
602 2506 659 2549 et
697 2497 1019 2549 confundens
1040 2498 1095 2548 in
1118 2497 1345 2561 speciem

280 2574 588 2639 pugnantia,
610 2579 787 2638 atque,
823 2580 883 2627 ut
907 2573 1135 2623 breviter
1158 2571 1347 2634 dicam,

277 2650 469 2703 lectori
488 2664 593 2701 non
614 2648 878 2701 satisfacit
914 2664 979 2700 ex
1017 2647 1247 2699 historiae
1274 2649 1348 2697 le·

280 2727 453 2791 gibus.
508 2725 696 2778 Quoad
718 2726 1157 2789 circumstantias,
1178 2724 1346 2774 Otho-

279 2816 417 2865 nem,
453 2802 775 2865 praecipuum
814 2809 1065 2864 actorem,
1105 2808 1163 2850 et
1196 2801 1349 2864 cujus

280 2878 365 2927 vel
387 2878 609 2940 vestigia
641 2877 862 2927 fuissent
892 2875 1226 2937 numeranda,
1248 2876 1349 2927 Ta·

282 2953 420 3003 citus
439 2964 510 3000 ex
532 2952 677 3013 urbe,
698 2954 797 3003 &m
824 2954 850 2980 ⁸·
886 2952 1039 3003 Sava.

348 3027 603 3089 precipua
612 3027 753 3085 fama
768 3027 1213 3089 querenda-mana]
1232 3028 1352 3079 Cas·

286 3100 561 3163 tigavimus
592 3100 824 3165 precipui
863 3100 1004 3165 suma
1041 3102 1351 3157 Quartodeci-

285 3177 435 3225 muni.
469 3176 765 3226 Rhenanus.
799 3175 905 3227 Alii
922 3177 1167 3243 precipui.
1224 3178 1274 3227 N
1281 3191 1354 3239 oa,

279 3251 543 3317 precipua,
559 3252 820 3301 venetum
843 3252 1071 3315 sequuti,
1094 3252 1233 3316 quod
1252 3253 1354 3302 ista

286 3341 390 3377 vox
429 3326 727 3377 concinnior
757 3327 1037 3378 videretur.
1102 3326 1187 3377 Sic
1218 3326 1355 3377 infra

287 3403 435 3459 Hist.
475 3417 537 3453 n.
575 3408 656 3453 ³2.
714 3402 783 3451 de
818 3402 915 3451 hac
964 3401 1077 3465 ipsa
1130 3402 1355 3466 legione,

286 3482 303 3508 ⁴
328 3494 520 3543 magna
542 3480 708 3542 ipsam
730 3476 904 3528 fama!
938 3477 1160 3527 Freinsh.

354 3557 623 3606 Rebellione
669 3555 969 3617 Britannia]
1065 3553 1355 3605 Historiam

285 3634 422 3685 hanc
444 3630 559 3681 fuse
601 3632 953 3696 persequitur,
987 3629 1263 3683 Ann.xsv.
1298 3635 1357 3681 et

286 3709 343 3763 in
366 3709 475 3757 vita
496 3708 674 3773 Agric.
708 3708 861 3759 Savia.
1318 3736 1351 3769 0

1129 3781 1233 3832 Hic
1258 3787 1359 3831 tar·

290 3856 469 3908 ditatis
521 3858 781 3908 Othonem
830 3859 1023 3923 arguit,
1074 3864 1129 3908 et
1182 3864 1356 3907 tamen

292 3930 601 3998 pauloinfra
625 3934 729 3982 aitz
760 3934 777 3961 ‘
803 3934 919 3985 Nec
957 3934 1033 3983 illi
1068 3946 1227 3997 segne
1264 3937 1358 3983 aut

292 4013 595 4073 corruptum
636 4008 759 4059 luxu
794 4009 946 4059 iter:'
982 4016 1037 4059 et
1076 4024 1232 4073 supra
1267 4008 1360 4059 lib.

293 4098 451 4153 praec.
492 4084 545 4133 in
588 4084 721 4133 fine:
754 4086 769 4113 ‘
796 4083 1118 4147 Aspernatus
1156 4098 1359 4133 omnem

290 4160 695 4223 cunctationem,
730 4167 788 4209 ut
808 4161 1005 4211 Neroni
1026 4174 1231 4226 quoque
1256 4160 1361 4210 exi-

295 4234 515 4293 tiosam.’
570 4234 947 4305 Respondetur,
970 4238 1231 4287 Othonem
1250 4235 1359 4300 qui-

296 4312 419 4377 dem
454 4310 781 4379 festinanter,
824 4313 1066 4385 omnique
1102 4313 1361 4367 cunctati-

2284 373 2472 440 4191-

1404 547 1505 583 one
1528 537 1748 594 remota,-
1767 529 2057 593 profectum
2077 545 2194 581 cum
2223 531 2466 582 exercitu

1406 609 1473 658 ab
1492 608 1640 658 urbe:
1653 615 1711 658 et
1723 613 1968 671 quantum
1986 605 2051 654 ad
2069 607 2234 670 ipsum
2251 609 2466 670 attinet,

1406 683 1575 751 neque
1621 689 1864 747 corrupte
1913 696 2082 747 neque
2137 685 2364 747 seguiter
2407 699 2468 735 se

1407 765 1649 828 gessisse,
1683 769 1744 812 ut
1765 762 1852 826 qui
1885 761 2057 810 omnia
2093 760 2294 822 providi
2317 760 2464 811 ducis

1408 840 1583 890 munia
1601 838 2005 903 adimplevisset.
2047 835 2150 885 Sed
2175 842 2335 884 tantae
2355 850 2466 886 mo·

1406 915 1469 964 lis
1487 916 1762 974 exercitus,
1785 911 2074 977 praesertim
2095 911 2356 974 legionum
2379 925 2476 974 eg<

1408 1004 1544 1053 men,
1577 988 1768 1038 fiducia
1803 987 1986 1037 virium
2023 999 2248 1046 suarum,
2290 985 2472 1034 lentio·

1410 1065 1508 1116 rib.
1531 1066 1714 1129 spatiis
1737 1063 2032 1124 incedebat,
2061 1077 2212 1127 quam
2239 1062 2362 1111 belli
2385 1076 2472 1112 ne·

1410 1141 1623 1190 cessitas
1645 1142 1950 1204 postularet.
1985 1139 2209 1188 Pis-Isau.
2257 1137 2474 1188 Fallitur

1414 1216 1489 1265 vir
1512 1215 1746 1264 eximius.
1812 1215 1935 1264 Non
1953 1215 2087 1263 enim
2109 1213 2347 1275 Othonis,
2367 1226 2474 1262 non

1408 1291 1572 1340 omnis
1597 1290 1876 1352 exercitus,
1895 1290 1984 1338 sed
2020 1289 2246 1338 solorum
2268 1295 2472 1353 quarta·-

1408 1363 1791 1417 decimanorum
1817 1363 2122 1414 tarditatem
2145 1371 2358 1414 accusat
2379 1363 2475 1414 Ta·

1408 1439 1560 1490 citus.
1597 1441 1806 1490 Gronov.

1484 1517 1559 1566 Eo
1599 1531 1770 1578 agmen
1819 1516 2076 1580 legionum]
2163 1515 2474 1566 sustulimus

1412 1592 1696 1644 dictionem
1714 1607 1782 1641 eo.
1818 1593 1982 1642 Rheu.

1484 1669 1740 1718 Vestricius
1772 1667 2038 1731 Spurinna]
2102 1670 2188 1718 De
2231 1669 2324 1718 illo
2357 1669 2477 1719 vide

1413 1744 1640 1794 Plinium
1662 1743 1699 1794 1.
1722 1756 1799 1793 ιν.
1823 1757 1908 1807 ep.
1936 1748 1988 1796 1.
2019 1750 2076 1794 et
2096 1748 2174 1796 10.
2211 1752 2266 1794 et
2287 1758 2353 1794 11.
2389 1759 2474 1808 ep.

1413 1825 1463 1870 7.
1497 1819 1650 1870 Savil.

1480 1897 1602 1948 Sists‘
1623 1897 1756 1946 inim
1773 1895 1982 1958 Gallius]
2049 1895 2130 1944 Ex
2155 1895 2294 1944 Flor.
2318 1894 2476 1945 inire:

1412 1988 1533 2023 nam
1554 1974 1730 2036 vulgo,
1751 1973 1894 2020 inter.
1941 1970 2090 2019 Pich.

1490 2049 1756 2099 Veteranio
1777 2047 2023 2110 pretorio]
2091 2046 2378 2108 Superesse
2407 2045 2484 2095 vi-

1418 2125 1644 2174 deantur
1683 2126 1763 2174 hae
1805 2139 1976 2174 voces.
2043 2123 2308 2176 Praemisit
2343 2123 2482 2172 enim

1410 2199 1523 2262 jam
1538 2213 1676 2248 nunc
1695 2199 1764 2250 de
1781 2199 2036 2262 praetoriis
2053 2198 2288 2248 omnibus
2301 2197 2484 2247 cohor-

1420 2273 1594 2322 tibus:
1631 2274 1720 2336 qui
1741 2273 1899 2336 igitur
1923 2273 2010 2322 isti
2029 2273 2244 2336 amplius
2277 2288 2309 2322 e
2347 2287 2484 2335 prse-

1422 2347 1591 2396 torio?
1657 2348 1761 2398 Sed
1791 2362 1894 2398 non
1925 2354 2216 2412 supersunt.
2282 2347 2488 2396 Distin-

1422 2422 1537 2486 guit
1577 2423 1716 2474 enim
1759 2437 1790 2473 a
1832 2425 2124 2474 cohortibus
2167 2423 2490 2475 Veterauost

1422 2504 1604 2558 recte3
1637 2499 1758 2563 quia
1797 2504 2160 2549 exauctoratos
2209 2498 2487 2561 intellegit,

1422 2579 1479 2621 et
1512 2573 1599 2636 qui
1621 2581 1741 2637 post
1770 2575 1996 2625 sedecim
2033 2572 2291 2639 stipendia
2331 2574 2489 2623 habe·

1424 2648 1618 2699 bantur
1648 2650 1743 2699 sub
1765 2650 1972 2713 vexillo,
2005 2664 2110 2701 non
2149 2650 2302 2699 aliter
2335 2662 2488 2714 quum

1422 2724 1710 2789 legionarii,
1751 2724 1820 2774 de
1839 2724 2022 2789 quibus
2043 2725 2228 2788 scripsi
2259 2725 2384 2774 sutis
2421 2720 2490 2773 ad

1423 2801 1610 2851 Annal.
1629 2814 1671 2851 1.
1737 2801 1902 2866 Atqui
1922 2800 1976 2849 hi
1999 2801 2171 2851 necin
2199 2800 2492 2864 legionibus

1421 2880 1562 2929 ultra
1576 2877 1942 2943 censebantur,
1963 2892 2062 2928 nec
2081 2876 2158 2926 illi
2179 2876 2232 2924 in
2269 2874 2492 2926 cohorti·

1422 2955 1539 3005 bus.
1572 2954 1706 3016 Lips.

1490 3030 1662 3079 urica
1685 3030 1853 3091 ,ferrea
1875 3044 1985 3079 aeus
2001 3036 2090 3092 est,
2129 3034 2175 3078 et
2197 3034 2308 3078 ante
2328 3026 2494 3092 niem]

1427 3104 1730 3153 Delevimus
1776 3104 1990 3153 verbum
2035 3109 2125 3154 est.
2194 3102 2494 3153 Rhenanus.

1427 3178 1626 3230 Addidi
1691 3180 1904 3229 verbum
1957 3185 2049 3242 est,
2105 3194 2172 3227 ex
2231 3179 2372 3227 Flor.
2427 3190 2494 3228 ac

1427 3256 1562 3306 Ven.
1601 3255 1720 3304 Mos
1743 3261 1916 3304 autem
1941 3254 2196 3307 notandus
2234 3253 2494 3303 Romano·

1430 3345 1543 3381 rum
1564 3331 1773 3394 ducum,
1811 3330 2030 3394 pedibus
2069 3336 2192 3379 unte
2223 3329 2372 3392 signa
2389 3342 2496 3376 um-

1431 3406 1736 3456 bulantium.
1802 3406 1940 3454 Plin.
1977 3406 2174 3467 Paneg.
2214 3403 2278 3453 ad
2316 3404 2495 3465 Traja-

1430 3495 1584 3543 num3
1633 3484 1650 3509 ‘
1673 3495 1791 3530 cum
1830 3481 1942 3542 jam
1985 3489 2076 3530 tun
2118 3480 2326 3542 vexilla,
2375 3485 2494 3530 tuas

1431 3556 1666 3619 Aquilas,
1688 3568 1872 3617 magno
1895 3555 2056 3617 gradu
2081 3554 2343 3604 anteires.’
2388 3553 2496 3607 Ubi

1432 3631 1638 3694 Lipsius
1655 3630 1758 3679 alia
1775 3630 2013 3693 exempla
2035 3630 2231 3694 adjicit.
2269 3629 2496 3681 Picbeno.

1432 3705 1581 3757 Alius
1605 3704 1924 3755 describitur
1946 3719 1978 3753 a
1997 3704 2253 3759 Juvenale
2273 3704 2384 3755 Sat.
2408 3717 2498 3757 ιιι.

1433 3798 1485 3832 v-
1508 3786 1622 3831 190.
1709 3779 1848 3833 Quid
1869 3780 1914 3829 si
1935 3794 2002 3830 ex
2027 3782 2201 3844 priore
2225 3779 2364 3829 fama
2382 3780 2496 3829 baec

1432 3858 1508 3907 illi
1547 3856 1858 3922 affinguntur
1896 3872 1927 3907 a
1966 3858 2158 3921 poeta?
2211 3864 2501 3920 nosterque

1434 3942 1707 3984 recenseat
1740 3934 2048 3983 veritatem?
2091 3933 2332 3995 famaeque
2357 3932 2498 3981 dissi-

1434 4010 1576 4061 milis.
1642 4010 1746 4060 Sed
1786 4009 2202 4073 pratereundum
2247 4021 2350 4057 non
2395 4013 2496 4070 est,

1436 4101 1586 4150 quam
1618 4084 1792 4149 lepide
1825 4082 2236 4147 Satyrographus
2269 4081 2497 4131 hemisti-

1436 4162 1551 4211 chio
1589 4160 1878 4225 virgiliano
1919 4160 2212 4221 captaverit
2249 4164 2496 4207 venusta-

1438 4244 1579 4287 tem:
1646 4237 1663 4264 ‘
1695 4235 1908 4286 Actoris
1966 4232 2164 4283 Arunci
2233 4232 2496 4297 spolium-⁹

1439 4312 1594 4371 Quod
1616 4309 1952 4379 Aristophani
1974 4310 2132 4362 etiam
2151 4308 2366 4377 factum,
2387 4309 2502 4377 qui⁸
