3175 4925
891 444 1038 494 ιη.
1085 440 1262 495 xm.
1309 432 1473 493 υΑΡ.
1508 428 1621 493 37.
1667 412 2107 495 ΑΝΝΔιιύΜ.
2436 414 2613 494 4037

411 580 638 639 Corbulo
660 586 710 637 in
737 588 982 639 Armenia
1007 590 1135 639 duas
1159 588 1342 641 alas'et
1365 593 1472 639 tres

408 656 667 727 cohortes,
716 680 831 730 quae
887 666 951 714 ad
1008 666 1272 717 castellum
1323 666 1470 715 initio

406 740 642 789 hostibus
667 749 948 803 cesserant,
969 750 1119 792 extra
1141 743 1330 791 vallum
1362 743 1473 807 jus-

406 816 474 864 sit
501 816 750 865 tendere?
813 817 1018 881 Lipsius.
1441 818 1448 828 “

475 892 621 953 Inque
657 906 710 939 ea
745 894 1023 942 contumelia
1049 892 1253 959 detenti]
1302 893 1470 943 Credo

403 966 636 1015 'l'acitum
683 968 973 1031 scripsisse,
1020 968 1216 1033 Diuque
1257 985 1312 1019 ea
1366 968 1471 1037 (in)

401 1044 680 1092 contumelia
701 1044 896 1093 detenti.
967 1044 1169 1095 Acidal.

470 1119 603 1167 Cn.
642 1122 724 1167 37.
779 1120 928 1168 Phra
954 1119 1094 1180 fama
1136 1134 1275 1185 qaam
1305 1134 1469 1183 pugna

401 1196 664 1257 exter-rere]
697 1194 874 1243 Codex
906 1196 1156 1243 Budensis
1178 1195 1354 1255 habet,
1388 1210 1469 1244 ezr-

397 1268 620 1327 trahem,-
663 1278 722 1318 ut
745 1269 812 1318 de
833 1278 1067 1333 tempore
1091 1270 1159 1319 sit
1179 1270 1468 1333 intelligen-

402 1340 556 1391 dum:
605 1352 661 1391 et
685 1345 959 1408 praecedit,
979 1346 1160 1393 eludere
1180 1345 1268 1393 huc
1289 1350 1336 1393 et
1359 1346 1469 1393 illac

385 1419 618 1468 volimus.
717 1420 900 1484 Itaque
956 1421 1209 1485 castigavi
1273 1416 1463 1471 iocum.

399 1489 649 1545 Rhenum·
684 1498 898 1546 Sincera
929 1498 1053 1546 mihi
1092 1504 1232 1563 sunt,
1258 1514 1370 1563 quoe
1394 1499 1466 1547 iu-

397 1575 480 1619 ter
502 1573 762 1621 maculosa
793 1588 824 1621 a
859 1574 1072 1623 doctiss.
1113 1574 1222 1624 viro
1257 1588 1467 1623 censen-

401 1654 518 1698 tur:
581 1651 704 1714 quid
751 1652 821 1700 sit
863 1652 1113 1701 extrahere
1151 1653 1290 1715 plura
1321 1651 1464 1712 sama

395 1736 537 1789 quam
555 1742 736 1789 pag-na,
754 1743 854 1776 non
871 1742 900 1777 e
917 1728 1144 1778 tenebris
1161 1728 1462 1777 eruendum.

397 1800 580 1851 Fixum
601 1803 825 1853 Tiridati
850 1818 963 1853 sese
1001 1819 1104 1853 non
1133 1804 1260 1853 (lare
1293 1805 1344 1853 in
1382 1820 1465 1854 ca-

397 1890 510 1927 snm
555 1894 761 1943 pugnae,
803 1887 858 1930 et
902 1880 978 1929 vis
1019 1881 1248 1929 Romana
1287 1886 1462 1929 tamen

395 1958 512 2002 erat
559 1954 624 2003 ab
671 1953 931 2005 Armeniis
975 1970 1180 2005 suarum
1237 1957 1462 2019 partium

397 2029 749 2093 prohibenda:
802 2031 978 2095 itaque
1001 2039 1056 2079 ut
1079 2032 1152 2080 sic
1170 2046 1258 2080 eos
1279 2032 1462 2080 saltem

387 2104 890 2174 juvaret‚·usurpat,
928 2109 1063 2172 quod
1105 2108 1224 2157 olim
1266 2107 1463 2157 factum

394 2181 686 2244 Jugurthae.
751 2184 959 2233 Sallust.
989 2200 1134 2247 neque
1153 2183 1463 2247 preliumfn-

395 2270 664 2319 aeremque
687 2260 840 2306 ocium
871 2258 1008 2321 pati.-
1057 2258 1299 2322 quodque
1333 2260 1462 2307 Tac-

396 2330 607 2381 farinati
628 2333 843 2381 Tacitus
879 2332 1018 2381 Anu.
1058 2334 1088 2381 l.
1113 2346 1188 2381 xv.
1219 2335 1234 2359 ‘
1259 2334 1463 2396 spargit

395 2404 611 2470 bellum,
663 2408 753 2457 ubi
800 2408 1101 2472 instaretur,
1145 2408 1348 2470 celeris,
1397 2424 1460 2458 ac

395 2497 600 2532 rursum
641 2483 693 2532 in
732 2491 882 2546 terga
905 2497 1140 2532 remeans
1159 2487 1191 2532 ε’
1222 2485 1459 2549 quamob-

395 2573 505 2609 rem
542 2558 710 2609 dando
747 2559 897 2608 samae
937 2575 991 2608 se
1029 2551 1211 2622 praelio
1251 2558 1457 2609 adfutu-

390 2634 730 2698 nim,sa=.pius
754 2635 944 2684 milites
984 2635 1241 2684 Romanos
1280 2649 1310 2683 e
1349 2649 1456 2684 cas·

389 2711 480 2760 tris
504 2711 704 2773 eduxit,
724 2725 876 2776 quam
901 2709 1148 2759 accinctis
1166 2723 1349 2774 pugnae
1371 2725 1456 2760 co·

387 2787 527 2850 piam
575 2785 722 2836 fecit.
823 2787 956 2836 Hoec
1009 2785 1088 2834 his
1143 2783 1451 2836 firmantur:

387 2865 405 2890 ⁴
429 2863 585 2926 igitur
620 2861 850 2912 Corbulo
887 2861 1103 2926 quaesito
1147 2861 1234 2910 diu
1274 2857 1456 2925 pra-lio

388 2936 584 2988 frustra
623 2938 863 2987 habitus!
926 2935 991 2985 'rb
1025 2939 1182 3000 plara,
1220 2935 1456 2986 adverbii

388 3014 522 3074 vice,
561 3019 618 3061 nt
665 3014 940 3075 ‘arguitur
984 3015 1234 3076 pleraque
1271 3015 1452 3062 Caium

389 3090 649 3137 Caesarem
707 3089 847 3151 quasi
901 3089 1114 3136 incestas
1157 3087 1455 3138 virilitatis!

387 3163 459 3212 Et
482 3169 540 3211 ut
559 3163 785 3226 Tliucyd.
827 3162 919 3211 lib.
940 3175 1027 3213 ιιι.
1069 3161 1148 3210 καὶ
1174 3162 1268 3226 ’γὰρ
1291 3161 1454 3212 ἐκεῖνοι

389 3235 613 3296 ἐβοήθουν
651 3237 760 3297 ἡμῖν
799 3239 990 3287 ἐναντία.
1023 3237 1280 3296 Θηβαίοιςτ
1339 3240 1370 3290 ἰ.
1395 3240 1453 3288 il-

386 3314 424 3363 li
450 3324 623 3364 autem
657 3315 802 3362 nobis
819 3315 1202 3364 auxiliabantur
1237 3301 1454 3364 adv'ersa

383 3391 673 3440 Thebanis:
741 3390 962 3438 adversa
1030 3389 1146 3438 vice
1201 3391 1454 3441 adverbii.

383 3465 589 3516 Saliner.
673 3465 863 3526 Antea,
903 3463 1172 3526 extrahere,
1205 3465 1340 3528 quod
1385 3479 1452 3512 ex

384 3543 615 3593 Budensi
655 3541 788 3590 libro
813 3547 1118 3604 reposuerat
1157 3539 1452 3590 Rhenanus.

384 3618 460 3669 At
495 3617 631 3666 Flor.
669 3623 724 3666 et
763 3617 850 3664 alii
883 3615 1203 3678 antiquiores
1241 3615 1454 3676 habent,

384 3697 640 3755 exterrere,
675 3707 736 3742 ac
773 3691 950 3755 Lipsio
991 3691 1150 3752 magis
1184 3690 1450 3753 probatur.

383 3769 609 3817 ΡίσΙιαια.
675 3768 892 3830 Optime
917 3765 1124 3828 Lipsius
1144 3782 1160 3814 t
1210 3766 1386 3830 hacque
1406 3769 1455 3814 et

379 3843 497 3892 illac
531 3842 746 3904 volitans,
773 3845 916 3906 plara
943 3840 1083 3901 famo
1117 3857 1258 3904 qaam
1293 3857 1456 3904 pagan

385 3923 636 3970 exterrere.
703 3919 788 3968 Sic
829 3921 867 3968 l.
892 3931 982 3968 xv.
1015 3921 1030 3948 ‘
1057 3921 1220 3968 arctis
1261 3920 1456 3968 itineri·

385 3997 503 4056 bus,
526 3993 726 4058 hucque
748 4001 803 4043 et
834 3994 957 4044 illuc
981 3994 1168 4045 flexis?
1238 3997 1375 4045 Nam
1399 3997 1453 4046 in

382 4071 473 4122 illo
495 4069 744 4119 extrahere
781 4069 904 4118 nibil
943 4070 1054 4119 sani
1086 4085 1281 4130 sensus,
1312 4071 1453 4136 quic·

385 4145 508 4214 qnid
533 4152 750 4196 conetur
767 4145 1065 4197 Salinerius.
1134 4147 1343 4195 (δῆμον.

459 4221 716 4274 Proditore
735 4220 842 4283 suo]
874 4219 1076 4283 Scribo,
1091 4221 1186 4272 sni.
1253 4222 1398 4288 Lips.

460 4297 614 4355 Quasi
651 4297 894 4362 proditore
931 4297 1032 4361 sni]
1080 4299 1218 4364 Vox,
1237 4298 1330 4363 sni,
1363 4303 1454 4350 aut

1547 601 1652 650 sno,
1688 593 1750 637 ut
1786 588 1838 636 in
1877 586 2148 651 nonnullis,
2186 600 2216 637 a
2250 587 2391 637 Flor.
2443 580 2612 639 abest.

1547 664 1777 712 Pio-heau.

1612 740 1825 803 Tuncque
1842 740 2047 803 primum
2067 738 2213 788 illecti
2238 738 2441 801 Inseclti]
2477 734 2612 790 Cou-

1545 819 1705 867 sentit
1742 833 1859 866 cnm
1882 816 2002 867 Vat.
2044 825 2221 867 noster
2254 817 2305 865 in
2342 832 2488 875 voce,
2530 818 2613 867 In·

1541 895 1685 943 εει-Ιιὲ.
1738 895 1932 956 Vulgo,
1977 892 2139 943 lsicks'.
2198 892 2423 941 Restit'ni
2452 893 2611 943 etiam

1544 985 1610 1019 ex
1651 972 1790 1020 Flor.
1830 970 2087 1034 copulam,
2128 976 2351 1033 hucque.-
2400 984 2515 1019 nam
2557 970 2613 1021 in

1544 1046 1768 1111 vulgatis
1791 1046 2150 1096 interciderat.
2206 1046 2415 1095 Pit-sm

1608 1127 1735 1171 Ante
1772 1123 1893 1171 alias
1938 1122 2091 1185 socia]
2158 1122 2357 1171 Nostro
2408 1121 2614 1173 scilicet

1541 1204 1777 1260 tempore
1800 1195 1924 1245 socii
1946 1204 2001 1245 et
2024 1196 2115 1245 fidi
2136 1210 2291 1260 snper
2314 1198 2472 1248 alios:
2509 1196 2614 1247 etsi

1543 1278 1669 1319 tnnc
1708 1272 1888 1320 illecti.
1954 1272 2043 1321 Ita
2080 1272 2242 1335 possis
2278 1286 2490 1335 capere,
2534 1272 2612 1322 fa.

1539 1354 1686 1396 teor:
1724 1362 1821 1396 nec
1844 1347 2087 1411 displicet
2128 1354 2300 1397 tamen
2324 1362 2497 1398 meum
2520 1364 2609 1399 ve·

1537 1430 1650 1473 tnsz
1682 1438 1801 1485 gens
1815 1424 1931 1473 haut
1952 1424 2087 1475 alias.
2154 1424 2376 1487 Lipsius.

1607 1500 1741 1549 Gens
1778 1505 1888 1549 ante
1908 1501 2028 1549 alias
2048 1502 2175 1549 socia
2220 1502 2462 1565 Romanis,
2498 1502 2609 1553 acin

1537 1575 1780 1625 Armenia
1814 1576 2100 1640 incur-sarit]
2150 1576 2268 1627 Nou
2325 1577 2392 1625 de
2448 1578 2609 1629 nihilo

1539 1650 1753 1700 doctiss.
1810 1652 1891 1701 vir
1921 1650 2253 1701 emendavit:
2307 1668 2429 1715 gens
2481 1652 2611 1703 haud

1535 1726 1658 1775 alias
1699 1727 1855 1776 socia.-
1902 1740 2019 1775 nam
2065 1727 2152 1790 qui
2198 1732 2319 1775 ante
2367 1728 2519 1789 socii,
2562 1727 2607 1777 si

1539 1807 1647 1851 tum
1689 1802 1907 1865 primum
1954 1802 2009 1850 in
2063 1801 2365 1850 societatem
2417 1802 2611 1852 asciti?

1535 1880 1731 1926 Verum
1748 1892 1813 1927 ne
1832 1878 1955 1943 qnid
1972 1876 2301 1941 inexpertum
2318 1876 2606 1941 relinquam

1536 1953 1785 2004 facillime
1810 1954 2017 2004 credam
2040 1953 2153 2001 haec
2175 1967 2238 2001 eo
2262 1954 2404 2003 dicta
2430 1952 2609 2021 fnisse,

1536 2031 1673 2095 quod
1692 2030 1871 2095 Isichi,
1892 2030 1978 2094 qni
2014 2042 2137 2079 tunc
2162 2028 2384 2092 primum
2426 2028 2605 2080 allecti

1537 2107 1588 2155 in
1610 2108 1954 2156 Romanorum
1979 2107 2305 2162 societatem,
2324 2106 2500 2154 munia
2525 2120 2607 2156 so-

1536 2184 1731 2234 ciorum
1778 2182 2005 2231 curatius
2042 2187 2099 2230 et
2122 2182 2373 2244 promtius
2397 2188 2611 2244 praesta-

1537 2264 1674 2319 rent,
1694 2270 1844 2321 quam
1866 2256 2064 2318 crateri,
2080 2256 2166 2318 qui
2188 2256 2241 2303 in
2265 2254 2445 2303 eodem
2466 2260 2609 2307 trac-

1537 2340 1595 2381 tu
1652 2334 1934 2381 Romanam
2006 2328 2283 2379 amicitiam
2342 2330 2605 2380 colebant.

1535 2406 1696 2468 Secia,
1739 2422 1854 2472 quse
1894 2406 2031 2454 serio
2071 2404 2233 2454 socios
2263 2403 2507 2469 juvabat,
2546 2410 2607 2455 ut

1534 2495 1636 2530 non
1662 2495 1782 2530 vere
1806 2483 2001 2544 consul,
2022 2481 2109 2545 qui
2131 2481 2262 2542 reip.
2298 2493 2399 2528 non
2424 2493 2607 2529 consu·

1532 2557 1696 2618 lebat,
1730 2557 1909 2623 ‘qnasi
1952 2564 2041 2606 aut
2075 2556 2277 2619 legibus
2317 2570 2434 2604 cum
2472 2555 2601 2606 Silio

1533 2642 1795 2698 ageretur,
1834 2639 1925 2682 aut
1944 2632 2114 2681 Varro
2147 2632 2324 2680 consul
2347 2638 2438 2680 ant
2473 2631 2603 2682 illud

1531 2713 1743 2776 respub.
1761 2712 1935 2761 esset.’
1967 2711 2249 2761 Salinerias.
2273 2710 2455 2760 Lectio
2472 2712 2605 2775 haec,

1524 2803 1647 2850 gens
1669 2793 1779 2837 ante
1798 2788 1919 2836 alias
1937 2787 2066 2835 socio
2110 2783 2353 2849 Romanis,
2374 2787 2601 2837 omnium

1529 2865 1779 2915 librorum
1803 2879 2052 2914 consensu
2074 2863 2425 2914 confirmatur.
2480 2865 2603 2931 Lip-

1529 2941 1634 2988 sius
1664 2941 1904 2992 mutavit.
1971 2941 2128 3002 Nam,
2167 2941 2239 2990 ait
2274 2941 2381 3003 ille,
2406 2943 2451 2992 si
2475 2950 2602 2994 tuuc

1529 3017 1749 3078 primum
1792 3016 1973 3077 illecti,
1997 3031 2123 3082 ergo
2156 3032 2259 3068 non
2308 3019 2433 3068 socii
2480 3027 2601 3071 ante

1529 3091 1693 3140 aliosz
1736 3107 1904 3156 neque
1933 3107 2029 3154 ego
2067 3093 2321 3155 judicium
2361 3093 2475 3156 ejus
2513 3095 2604 3144 im-

1529 3165 1712 3229 probo.
1796 3167 1999 3216 Tamen
2051 3167 2329 3215 subsistere
2391 3168 2603 3216 videtur

1529 3241 1698 3304 prisca
1732 3239 1913 3301 lectio,
1953 3240 1995 3288 si
2036 3239 2409 3304 intelligamus,
2447 3241 2603 3290 'racl-

1529 3323 1637 3364 tuui
1682 3315 1821 3380 loqui
1863 3314 1929 3364 de
1975 3328 2067 3364 suo
2103 3315 2315 3376 saeculo,
2353 3313 2473 3362 dnm
2510 3309 2602 3380 ast,

1529 3389 1863 3438 Insechorum
1922 3395 2133 3452 gentem
2188 3386 2351 3436 fuisse
2406 3388 2599 3439 sociam

1531 3465 1775 3513 Romanis
1800 3471 1920 3511 aute
1944 3462 2071 3511 alias
2092 3480 2105 3511 z
2143 3469 2197 3511 at
2222 3467 2365 3524 tunc,
2400 3463 2599 3515 scilicet

1527 3538 1756 3588 historiae
1789 3537 1925 3586 illius
1949 3545 2207 3600 tempore,
2243 3537 2509 3589 societatis
2543 3547 2601 3590 et

1529 3613 1773 3663 amicitiae
1814 3613 2144 3676 principium.
2212 3613 2366 3664 Quod
2414 3614 2598 3665 contir-

1529 3703 1673 3739 mare
1695 3691 1939 3739 videntur
1957 3689 2136 3752 verba,
2158 3695 2355 3754 tuncque
2390 3693 2599 3755 primum

1526 3769 1704 3816 illecti.-
1737 3779 1853 3832 quoe
1876 3766 2127 3828 indicant,
2148 3779 2238 3835 eos
2260 3769 2596 3832 sequentibus

1529 3845 1685 3892 etiam
1730 3841 2049 3906 temporibus
2073 3858 2213 3906 saepe
2238 3843 2461 3893 adfuisse
2494 3845 2599 3894 Ro-

1531 3921 1710 3980 manis,
1748 3927 1907 3983 atque
1944 3918 1996 3967 iu
2034 3933 2210 3968 eorum
2252 3921 2505 3972 societate
2540 3927 2599 3969 et

1531 3995 1758 4044 amicitia
1810 4002 2110 4043 constanter
2163 3995 2595 4058 persever-aviene,

1529 4077 1653 4120 ante
1711 4071 1840 4120 alios
1886 4069 2031 4138 ,illius
2088 4069 2311 4132 regionis
2360 4069 2596 4134 populos.

1529 4147 1757 4195 Pio-hem.

1597 4223 1677 4271 Ita
1712 4222 1907 4270 consilia
1951 4220 2163 4270 Tiridati
2216 4223 2267 4269 in
2308 4221 2595 4272 ‹20an

1533 4295 1867 4361 vertebantur]
1900 4296 2099 4348 Mutet.
2141 4293 2399 4349 νον-θώων.
2442 4295 2598 4349 Acid-
