3175 4925
961 425 1106 476 mn.
1153 421 1254 476 vi.
1301 427 1464 476 car.
1506 409 1618 478 17.
1660 425 2091 478 Anxanum.

433 571 500 623 sii
523 572 588 624 de
609 571 786 623 Tobia.
832 571 884 622 S.
907 573 1126 622 Basilius
1150 574 1202 622 iu
1225 573 1490 626 Palmum

437 661 556 698 xiv.
592 649 898 699 Plutarchus
919 649 972 700 in
993 651 1079 700 lib.
1101 650 1206 714 περὶ
1225 653 1311 700 τοῦ
1323 651 1388 712 μὴ
1411 653 1489 700 δα-

435 720 683 786 νείζεσθαι.
751 726 903 775 Nunc
927 743 1039 789 quae
1066 745 1094 776 a
1114 729 1291 778 Tacito
1313 729 1490 778 dicun·

436 807 523 848 tur
533 801 828 864 singillatim
843 805 1236 854 consideremus.
1258 805 1492 854 Muretus.

433 877 536 942 Sed
561 894 819 928 nummum
843 894 944 928 non
979 895 1090 930 esse
1115 895 1219 932 rem
1244 883 1492 941 sterilem,

433 950 499 1002 dc
520 953 702 1002 Usuris
730 969 846 1016 cap.
884 959 931 1002 8.
975 970 1068 1004 nec
1105 955 1268 1006 foenus
1292 966 1490 1007 naturae

431 1027 714 1090 adversari,
731 1045 846 1094 cap.
867 1035 945 1080 10.
961 1038 1141 1082 contra
1163 1032 1496 1082 Aristotelem

431 1105 618 1167 probat
652 1099 924 1155 Solmosius.

505 1180 650 1230 Vetus
669 1183 776 1230 urbi
783 1181 982 1241 funebre
999 1181 1196 1246 molum]
1249 1183 1367 1233 Hoc
1385 1198 1416 1231 e
1433 1184 1490 1233 Τ.

433 1255 576 1306 Livio
615 1263 670 1306 et
707 1258 1105 1307 Halicarnasseo
1142 1259 1382 1322 cognosci
1402 1273 1489 1322 po-

435 1338 558 1382 test.
593 1335 827 1384 Murem.

497 1410 756 1460 Duodecim
777 1411 950 1460 tabidis
981 1412 1217 1475 sanctum]
1265 1413 1342 1464 At
1375 1430 1488 1464 eam

435 1489 752 1548 sanctionem
790 1489 963 1538 [rivius
1005 1491 1070 1538 ad
1107 1491 1182 1539 Μ.
1227 1491 1486 1542 Duellium

435 1561 580 1618 Trib.
603 1566 674 1626 pi.
698 1563 861 1614 refert
896 1573 1014 1628 post
1038 1580 1137 1616 ιιι.
1162 1567 1376 1630 tabulas,
1396 1571 1488 1620 aii-

433 1646 559 1704 quot
582 1638 742 1690 annis.
775 1640 890 1690 Lib.
911 1655 1010 1691 vu.
1044 1645 1058 1670 ‘
1085 1644 1143 1692 C.
1163 1646 1378 1708 Marcio,
1394 1648 1492 1700 Cn.

435 1715 632 1764 Manlio
653 1717 796 1765 Coss.
815 1718 880 1766 de
897 1720 1124 1768 unciario
1147 1720 1340 1771 foenore
1363 1739 1396 1772 a
1415 1726 1491 1776 M.

433 1790 640 1852 Duellio
662 1791 964 1858 Tribuuopl.
1001 1797 1200 1858 rogatio
1221 1805 1302 1846 est
1327 1802 1495 1862 peria·-

431 1870 515 1914 ta:
569 1874 625 1915 et
649 1869 796 1930 plebs
826 1871 1092 1936 aliquanto
1117 1888 1230 1922 eam
1251 1876 1491 1940 cupidius

431 1943 601 2004 scivit,
624 1947 962 2010 accepitque!
997 1948 1206 2012 Lipsius.

501 2019 727 2070 Unciario
736 2021 930 2084 senor-e]
979 2025 1118 2075 Quid
1141 2025 1214 2076 sit
1229 2027 1494 2078 amieriam

417 2090 594 2157 soenus,
613 2096 818 2146 minime
837 2097 971 2147 iuter
993 2113 1048 2147 se
1071 2104 1402 2152 consentiunt
1419 2103 1492 2152 in-

431 2176 710 2234 ter-protes.
751 2175 966 2224 Carolus
982 2175 1224 2240 sigonius
1246 2179 1310 2228 de
1333 2179 1494 2244 antiq.

425 2251 544 2313 jure
561 2253 772 2302 Roman.
795 2253 880 2303 lib.
894 2269 958 2306 rr.
975 2271 1022 2304 ο.
1039 2260 1120 2306 11.
1137 2254 1268 2304 illud
1285 2256 1352 2307 ad
1375 2271 1495 2307 cen·

437 2327 672 2384 tesimam
701 2327 884 2390 refert,
909 2330 960 2378 id
985 2337 1082 2394 est,
1106 2347 1225 2380 cum
1247 2347 1366 2395 pars
1389 2348 1496 2382 sor·

435 2401 502 2458 tis
525 2403 808 2452 centesima
837 2404 1050 2469 singulis
1089 2407 1346 2456 mensibus
1367 2422 1494 2472 pen·

435 2478 579 2535 ditur
600 2496 613 2529 a
655 2488 836 2529 contra
857 2480 1116 2541 Muretus,
1139 2498 1234 2533 nec
1257 2497 1360 2533 non
1387 2482 1493 2533 An-

437 2554 608 2605 tonius
633 2554 910 2619 Augustin.
947 2558 1011 2607 de
1044 2559 1244 2621 legibus
1277 2567 1332 2610 et
1353 2562 1408 2612 S.
1431 2563 1492 2612 C.

435 2629 500 2677 ad
539 2631 706 2693 legem
751 2631 975 2683 Duiliam
1021 2634 1282 2697 Maeniam,
1319 2637 1494 2687 uncia·

431 2705 560 2754 riam
583 2720 790 2757 usuram
813 2721 924 2757 esse
959 2710 1296 2771 contendunt,
1316 2720 1490 2765 cente-

429 2782 612 2831 simum
647 2797 902 2835 nummum
944 2784 996 2834 in
1030 2801 1189 2837 anuos
1229 2789 1490 2852 singular

433 2869 498 2921 ea
517 2856 739 2906 maxime
759 2859 956 2909 ratione
980 2859 1122 2911 ducti
1145 2879 1162 2922 ς
1196 2863 1334 2927 quod
1356 2862 1492 2914 illins

432 2937 562 2997 legis
605 2938 848 3000 perlatio,
880 2942 894 2968 ‘
917 2942 1042 2991 loeta
1087 2942 1246 3005 plebi,
1285 2944 1502 3007 ingrata·

434 3012 683 3074 patribus'
720 3014 1066 3079 divitibusque
1103 3016 1281 3079 fuerit,
1315 3027 1372 3069 ut
1394 3024 1494 3069 tes-

436 3094 578 3137 tatur
619 3089 796 3137 Livius
835 3090 926 3141 lib.
969 3105 1070 3140 vu.
1137 3094 1268 3143 Mihi
1299 3095 1494 3158 sigonii

431 3161 690 3210 sententia
706 3164 868 3227 tnagis
891 3166 1156 3228 probatur.
1189 3167 1338 3217 Adeo
1359 3170 1496 3221 enim

434 3237 569 3297 apud
593 3237 832 3302 antiquos
853 3240 1106 3291 Romanos
1127 3241 1495 3296 foeneratorum

434 3310 656 3375 savitia,
675 3322 932 3375 creverat,
973 3322 1034 3364 ut
1075 3318 1284 3369 minime
1325 3321 1500 3387 mirer,

435 3398 532 3447 pro
555 3398 709 3435 usura
743 3386 848 3436 levi
883 3386 1060 3447 fuisse,
1083 3406 1236 3442 unum
1259 3409 1354 3458 pro
1379 3412 1498 3447 cen-

439 3466 548 3519 turn
591 3461 646 3509 in
691 3463 948 3515 mensibus
1005 3466 1234 3529 singulis.
1313 3470 1392 3521 Ac
1431 3472 1498 3521 de

438 3530 606 3593 usurae
663 3537 870 3601 quidem
927 3543 1253 3605 enormitate,
1307 3547 1498 3609 passim

435 3612 573 3675 apud
607 3613 828 3664 eundem
865 3616 1068 3665 Livium
1106 3622 1332 3682 querelae
1367 3621 1500 3672 sedi·

435 3689 704 3753 tionesque
738 3690 938 3752 plebis:
995 3694 1280 3755 prasertim
1303 3696 1392 3747 lib.
1416 3711 1498 3749 vr.

435 3763 528 3829 “se
587 3765 864 3829 multiplici
923 3766 1036 3830 jam
1095 3778 1240 3821 sorte
1297 3774 1498 3823 exsolu-

439 3842 514 3898 ta,
535 3842 884 3903 mergentibus
923 3858 1128 3908 semper
1149 3855 1342 3897 sortem
1382 3864 1497 3901 usu·-

439 3913 780 3975 ris,obrutum
797 3918 990 3970 foenore
1011 3922 1159 3973 esse!
1179 3925 1247 3973 Et
1261 3927 1395 3989 quod
1410 3942 1497 3977 uu·

445 3989 646 4039 adarim
669 3991 828 4050 foenas
865 3995 1005 4057 plebi
1038 3996 1196 4047 fuerit
1219 4014 1396 4062 grave,
1416 4016 1496 4050 ar-

438 4074 684 4127 gumento
725 4069 809 4130 sit,
827 4070 961 4133 quod
992 4072 1180 4123 deinde
1220 4075 1286 4123 ad
1320 4091 1500 4126 semun-

436 4141 638 4200 ciarium
677 4144 940 4195 redactum
977 4146 1096 4209 fuit,
1132 4148 1314 4199 eodem
1349 4152 1500 4201 Livio

439 4222 598 4267 teste.
665 4220 932 4271 Praeterea
963 4223 1092 4273 satis
1127 4232 1349 4287 constat,
1383 4228 1502 4277 soli-

440 4296 552 4341 tum
609 4288 1023 4361 foeneratoribus,
1061 4313 1242 4351 usuras
1287 4302 1502 4367 singulis

2449 409 2627 480 ae41

1564 571 1828 622 mensibus
1868 573 2095 638 exigere,
2129 577 2185 623 et
2214 571 2331 623 ideo
2368 574 2625 628 menstrui

1567 655 1837 698 exactores
1874 645 2020 698 dicti.
2087 647 2224 698 Hinc
2258 648 2398 712 apud
2428 648 2653 712 Aristo·‚‚

1567 726 1785 789 phanem
1820 725 1871 772 in
1898 724 2155 786 Nubibus,
2172 725 2379 788 quidam
2413 724 2625 778 debitor

1567 800 1739 850 facete
1765 809 1915 866 optat
1952 803 2145 852 Lunam
2169 803 2299 852 coelo
2332 804 2625 870 detrahere,

1569 882 1725 940 atque
1750 891 2043 924 asservare:
2078 877 2255 926 namsi
2286 891 2349 926 ea
2370 893 2627 947 utinquam

1568 953 1813 1015 oriretur,
1846 953 1887 1000 is
1928 966 2181 1016 nunquam
2220 967 2395 1002 usuras
2434 955 2629 1017 persol-

1572 1037 1741 1077 veret:
1768 1037 1821 1078 et
1840 1029 2061 1078 Basilius
2086 1032 2134 1079 in
2152 1031 2337 1078 Psalm.
2356 1041 2471 1078 xiv.
2488 1032 2628 1094 ait,a

1571 1104 1887 1154 debitoribus
1914 1107 2080 1156 timeri
2104 1123 2319 1167 menses,
2349 1109 2490 1156 velut
2514 1123 2629 1159 usu·

1569 1196 1737 1230 rarum
1780 1191 1970 1246 patres.
2037 1185 2171 1234 vide
2198 1186 2535 1236 Plutarchum
2558 1187 2629 1240 de

1569 1257 1780 1308 vitando
1807 1275 1911 1308 sere
1933 1261 2119 1310 alieno.
2152 1263 2375 1314 Pithenu.
2414 1263 2631 1314 Rectius

1565 1333 1806 1382 Muretus
1851 1342 1905 1384 et
1949 1333 2111 1385 Anto.
2152 1337 2489 1401 Augustinus,
2520 1339 2631 1404 qui-

1563 1408 1777 1458 buscum
1802 1412 2079 1462 concordat
2102 1419 2158 1462 et
2190 1414 2438 1476 Sigonius.
2494 1416 2629 1467 vide

1563 1499 1676 1548 quae
1702 1485 1999 1548 scripsimus
2031 1485 2348 1550 Antexegesi
2368 1489 2536 1553 priore
2557 1491 2629 1542 de

1565 1563 1774 1612 Gentes.
1819 1563 1997 1612 Usuris
2054 1571 2109 1612 et
2156 1563 2353 1614 foenore
2398 1567 2627 1618 unciario

1567 1651 1619 1700 p.
1645 1643 1727 1686 63.
1765 1645 1821 1688 et
1846 1655 1988 1704 seqq.
2018 1633 2317 1692 Gronovius.

1630 1713 1760 1762 Dein
1802 1717 2045 1776 rogatione
2088 1718 2367 1783 tribunicia]
2432 1719 2629 1772 Decem

1567 1789 1711 1836 annis
1736 1798 1852 1852 post
1876 1790 2015 1840 illam
2041 1791 2250 1842 Duellii.
2294 1795 2495 1846 Livius:
2530 1799 2544 1823 ‘
2567 1798 2629 1848 T.

1563 1865 1765 1915 Manlio
1800 1867 2088 1930 Torquato,
2129 1869 2188 1919 C.
2233 1870 2445 1920 Plautio
2484 1874 2627 1924 Coss.

1567 1943 1957 1992 semunciarium
1978 1951 2180 1996 tantum
2199 1960 2260 1996 ex
2280 1948 2516 2001 unciario
2538 1947 2632 2000 ἰω-

1566 2033 1659 2068 nus
1681 2017 1910 2070 factum!
1943 2021 2155 2084 Lipsius.

1632 2095 1877 2146 Postremo
1909 2097 2056 2145 vetita
2076 2097 2295 2160 versura]
2348 2099 2487 2164 Lege
2528 2097 2633 2150 Ge-

1569 2171 1741 2233 nucia,
1776 2185 1868 2222 sex
1905 2174 2049 2222 aunis
2087 2183 2205 2236 post
2242 2175 2483 2226 Duiliam.
2548 2177 2637 2228 Li-

1570 2246 1683 2295 vius
1724 2247 1817 2296 lib.
1861 2261 1961 2298 vu.
2045 2245 2231 2313 Itaque
2269 2265 2409 2314 saepe
2450 2259 2636 2316 postea

1569 2323 1777 2372 multati
1802 2329 1921 2374 sunt
1952 2323 2301 2387 foeneratores,
2325 2327 2411 2390 qui
2444 2335 2500 2377 et
2538 2343 2630 2391 pu-

1569 2398 1848 2448 niebantur
1871 2413 2021 2461 poena
2053 2400 2395 2465 quadruplici,
2416 2417 2531 2452 cum
2555 2399 2634 2452 fu-

1569 2486 1653 2523 res
1692 2480 1891 2523 tantum
1914 2474 2109 2539 duplici
2150 2476 2631 2531 condemnarentur.

1568 2548 1648 2599 M.
1671 2548 1824 2612 Cato,
1850 2549 1997 2599 initio
2026 2551 2101 2601 rei
2142 2552 2364 2605 rusticae.
2398 2554 2637 2614 Muretus.

1566 2624 1781 2675 Rectius
1816 2640 1990 2675 usura.-
2042 2627 2178 2691 quod
2217 2627 2353 2677 idem
2395 2630 2633 2682 Muretus

1563 2699 1723 2753 credo
1748 2702 1925 2763 voluit,
1950 2702 2097 2765 cujus
2134 2702 2185 2753 in
2219 2703 2352 2754 libro
2387 2705 2634 2774 sicjugu-

1565 2774 1696 2825 latas
1740 2778 1932 2841 priores
1972 2778 2153 2828 literas
2196 2777 2390 2843 inveni,
2427 2796 2639 2844 uersum,

1563 2849 1849 2903 Acidaiius.
1934 2854 2095 2904 Error
2134 2852 2370 2905 Acidalio
2415 2871 2638 2909 commu-

1563 2928 1644 2977 nis
1667 2943 1781 2979 cum
1804 2928 1975 2981 doctis
2010 2929 2295 2981 hominibus
2328 2932 2521 2996 multis,
2544 2924 2635 2999 qui

1563 3018 1746 3068 parum
1770 3012 2041 3071 ceperunt,
2058 3006 2179 3071 quid
2204 3016 2344 3057 esset
2368 3010 2632 3061 veteribus

1562 3096 1775 3144 versura,
1793 3082 1949 3131 etiam
1974 3088 2243 3147 postquam
2268 3083 2317 3131 id
2341 3084 2635 3146 planissime

1565 3156 1817 3215 docuerat
1853 3157 2147 3207 Salmasius.
2224 3158 2361 3205 Vide
2404 3158 2636 3210 Antexe·

1569 3231 1715 3295 gesin
1754 3231 2095 3295 posteriorem
2141 3246 2193 3295 p.
2237 3236 2351 3283 162.
2386 3240 2443 3283 et
2486 3249 2634 3301 seqq.

1572 3306 1859 3357 Gronovius.

1640 3380 1845 3431 Obuius
1876 3383 1999 3430 ὕεια
2025 3380 2305 3448 fraudibus]
2376 3384 2635 3437 Fraudem

1571 3459 1824 3523 quomodo
1844 3456 2097 3521 facerent,
2116 3472 2235 3507 cum
2262 3458 2315 3507 in
2347 3460 2509 3511 socios
2547 3475 2636 3511 no·

1571 3534 1712 3583 mina
1767 3532 2191 3594 transcriberent,
2248 3548 2525 3598 cognosces
2568 3552 2639 3589 ex

1571 3608 1720 3657 Livio
1741 3608 1831 3657 lib.
1860 3620 2035 3657 xxxv.
2072 3610 2309 3660 Muretus.

1638 3685 1709 3735 Ee
1746 3685 2041 3748 medente]
2106 3686 2190 3737 Sic
2251 3684 2375 3736 ferri
2420 3692 2597 3751 potest
2617 3705 2634 3740 ι

1569 3761 1777 3812 mallem
1804 3768 1978 3811 tamen
1994 3798 2011 3827 ,
2042 3776 2093 3813 eo
2113 3763 2405 3812 eoncedente.
2448 3764 2603 3815 Pich.

1575 3842 1586 3853 “
1636 3838 1769 3888 Car».
1791 3842 1871 3889 17.
1894 3839 2033 3888 Dm
2047 3838 2436 3903 quisquesenon‘s
2450 3832 2639 3905 parea]

1571 3915 1690 3965 Hac
1726 3912 1867 3965 dere
1888 3914 2102 3965 Suetou.
2133 3916 2307 3965 Tiber.
2344 3918 2425 3964 48.
2487 3914 2504 3941 ‘
2526 3914 2637 3965 Per

1569 3992 1763 4041 SCtum
1772 3992 1965 4052 sanxit,
1978 3999 2037 4041 ut
2050 3990 2367 4041 feneratores
2380 3990 2505 4040 duas
2522 4006 2639 4055 par.

1573 4074 1653 4116 tes
1678 4068 1726 4115 iu
1740 4064 1847 4115 solo
1867 4067 2183 4115 collocarent
2204 4082 2217 4114 ε
2239 4066 2501 4117 debitores
2517 4066 2638 4117 toti·

1573 4144 1691 4203 dem
1710 4144 1827 4195 aeris
1851 4143 2003 4193 alieni
2025 4143 2199 4191 statim
2220 4143 2511 4193 solverent!
2546 4144 2635 4195 Sic

1575 4218 1777 4269 Plinius
1800 4233 1875 4269 vr.
1925 4218 2094 4284 Epist.
2115 4219 2181 4268 de
2204 4218 2395 4272 Senatu
2430 4233 2639 4271 suorum

1575 4302 1894 4365 temporum:
1930 4296 1947 4325 ‘
1970 4295 2273 4361 Patrimonii
2296 4297 2504 4347 tertiam
2522 4310 2645 4361 par·
