3175 4925
82 1908 89 1941 —-

1057 401 1406 452 cnutum.

313 544 432 593 wall
471 558 502 592 a
533 541 800 592 Mercurio
819 556 1006 592 nomen
1028 541 1236 605 babeat,
1267 547 1330 592 ut
1349 557 1382 592 a

317 622 488 670 Marte
506 619 808 676 Martinam
827 633 1024 683 nemus,
1043 621 1130 669 der
1144 619 1383 670 &hmana-

313 697 478 746 soamt.
531 695 768 747 Rhenan.

383 771 498 822 Sola
533 771 820 834 reverentia]
886 771 958 822 Et
997 772 1098 823 boc
1139 769 1382 835 profecto

313 846 426 911 pie.
494 847 755 897 Hilarius:
801 848 817 876 ‘
842 848 989 896 Dens
1023 847 1270 910 religione
1305 847 1382 896 in-

317 922 630 987 telligendus
668 928 774 986 est,
817 924 1015 988 pietate
1061 921 1383 987 profitendus

313 1005 431 1059 est;
483 1013 632 1048 sensu
678 1012 800 1047 vero
853 998 1240 1062 persequendus
1279 1011 1380 1047 nou

315 1080 422 1135 cst,
443 1074 532 1122 sed
555 1073 884 1122 adorandus!
933 1075 1093 1123 Coler-

385 1149 520 1198 CAP.
547 1155 624 1199 10.
667 1148 1158 1211 Virgantsngiferae]
1209 1149 1380 1200 Occa-

315 1223 394 1273 sio
405 1223 770 1287 ραβδομαννείω
787 1225 995 1274 videtur
1008 1225 1223 1274 Aaronis
1239 1225 1382 1289 virga

317 1299 593 1350 Exod.vn.
615 1307 671 1349 et
687 1313 810 1350 vm.
827 1309 882 1349 et
899 1313 977 1351 tx.
1013 1301 1222 1350 Diaboli
1241 1317 1381 1350 nano-

315 1372 468 1436 ζηλία
487 1375 553 1424 ab
575 1376 831 1439 AEgyptiis
856 1376 922 1425 ad
945 1376 1127 1426 Medos
1147 1383 1203 1426 et
1231 1377 1382 1427 Grae-

315 1464 408 1500 cos
427 1451 750 1516 Scythasque
773 1459 829 1502 et
851 1452 1138 1502 Germanos
1176 1453 1219 1501 is
1253 1454 1382 1503 ritus

317 1527 579 1576 manavit:
621 1528 688 1576 de
713 1527 884 1576 Medis
908 1527 1016 1578 Dio
1038 1535 1093 1578 et
1117 1529 1384 1580 Nicander

315 1603 372 1652 iu
411 1603 701 1654 Tberiacis.
779 1603 937 1667 Apud
981 1605 1199 1655 Graecoa
1239 1605 1381 1669 virga

317 1678 498 1728 Circes
522 1687 576 1728 et
598 1679 863 1729 Mercurii.
896 1679 976 1728 De
995 1680 1222 1744 Scythis,
1239 1679 1382 1732 δια*

317 1755 540 1804 Isin-lam.

383 1833 550 1882 Etiam
571 1831 852 1895 fiendam]
884 1830 916 1861 ‘
949 1831 1192 1882 Clemens
1226 1829 1383 1882 Alex-

303 1908 564 1956 ⁴undriuus
593 1914 841 1957 testatum
876 1906 1022 1957 facit.
1099 1908 1382 1958 Pausanias

317 1983 450 2034 ritus
493 1985 805 2049 principium
846 1985 911 2033 ad
957 1987 1262 2036 Parnassum
1299 1999 1380 2036 rc·

315 2056 440 2109 fert.
505 2061 574 2109 Et
600 2060 806 2110 dubitat
833 2061 920 2110 ille
959 2061 1070 2126 ipse
1111 2062 1382 2112 Groeculus

315 2135 473 2183 etiam
496 2149 561 2183 an
585 2135 726 2184 Galli
761 2143 817 2184 et
853 2136 1102 2186 Germani
1125 2137 1280 2185 ullam
1303 2137 1381 2185 di·

317 2209 532 2258 vinandi
569 2212 864 2273 religionem
901 2210 1200 2261 habuerint.
1268 2213 1380 2276 Ego

319 2297 442 2333 vcro
465 2285 618 2334 etiam
637 2287 894 2335 invenisse
905 2286 1010 2348 aio,
1025 2293 1082 2336 et
1103 2286 1381 2350 legendum

321 2358 452 2408 adeo
486 2359 572 2409 bic
609 2361 748 2423 apud
775 2361 1017 2410 Tacitum
1050 2359 1260 2411 divinos
1313 2363 1384 2411 Et

313 2435 435 2487 illud
471 2439 660 2501 quiden·
701 2439 846 2489 etiam
886 2437 966 2487 hic
1003 2442 1189 2499 mina,
1227 2438 1384 2489 oviam

319 2530 467 2577 voces,
487 2517 752 2579 velataque
771 2516 1083 2578 intormem.
1147 2514 1384 2565 Justinus

318 2590 355 2638 1.
379 2604 538 2641 xxiv.
561 2596 657 2642 dte.
691 2592 722 2619 ‘⁸
758 2593 910 2641 Celer.

383 2668 562 2715 Avium
597 2682 730 2717 voces
764 2666 1049 2730 solasque]
1111 2664 1382 2729 originem

318 2741 670 2802 δεισιδαιμονίας
705 2742 858 2807 hujus
897 2756 930 2791 a
966 2740 1284 2806 temporibus
1309 2740 1382 2790 di-

317 2818 442 2867 luvii
467 2820 704 2869 Noemici
729 2833 954 2869 arcesso.
1031 2818 1291 2868 Emiserat
1312 2814 1383 2866 vi-

318 2892 514 2943 delicet
532 2910 797 2958 aquarnm‚
820 2902 1072 2959 quatenus
1093 2894 1382 2958 depressio-

319 2982 404 3017 res
438 2967 594 3017 facta
629 2976 824 3032 esseut,
843 2968 1280 3032 explorandamm
1301 2983 1382 3017 er·

321 3056 406 3105 go,
425 3043 584 3091 semel
607 3042 896 3107 iterumque
919 3056 1044 3091 aves
1065 3042 1218 3091 Noab
1236 3056 1251 3101 3
1275 3056 1387 3091 cor-

321 3132 440 3166 vum
464 3116 651 3179 primo,
665 3123 718 3167 et
737 3124 842 3167 tres
860 3117 1078 3166 diversis
1096 3123 1385 3179 temporum

316 3191 549 3254 periodis
582 3190 871 3241 columbas:
923 3191 998 3239 his
1036 3190 1179 3239 velut
1216 3190 1384 3254 auspi-

321 3267 438 3329 ciis,
459 3281 610 3317 sensu
629 3268 829 3330 optimo
849 3282 911 3317 ac
937 3266 1200 3317 innocenti
1225 3280 1384 3330 angn-

319 3342 394 3393 ria
414 3344 480 3393 de
495 3344 700 3408 aquosis
719 3344 1112 3407 tempestatibus
1128 3342 1383 3393 sumebat.

319 3418 544 3471 Transiit
581 3419 646 3467 ad
681 3428 920 3483 posteros
953 3417 1200 3468 memoria
1233 3418 1382 3467 istius

321 3492 399 3541 rei
441 3500 499 3543 et
542 3508 638 3557 per
671 3493 1036 3543 daemouiacam
1074 3490 1383 3555 κακοζηλία,

321 3569 416 3619 bac
440 3569 596 3619 etiam
635 3570 688 3618 in
725 3578 875 3634 parte
913 3568 1122 3633 decepti
1143 3566 1382 3619 nefandis

318 3647 486 3697 modis
524 3646 752 3696 homines
792 3644 998 3708 pagani.
1075 3643 1188 3708 Ipsi
1223 3644 1382 3693 etiam

323 3722 516 3787 Judaei,
551 3722 688 3789 quod
733 3722 964 3785 graviter
1005 3722 1058 3771 in
1101 3722 1204 3771 illis
1243 3736 1382 3785 saepe

324 3796 530 3847 Numen
554 3797 905 3861 reprehendit.
971 3797 1233 3846 Caeterum
1255 3810 1382 3860 gens

321 3872 464 3923 nulla
503 3886 728 3937 unquam
773 3880 881 3921 tam
923 3879 1158 3922 extreme
1207 3872 1386 3920 dedita

321 3944 550 4009 auguriis
595 3962 748 4012 quam
792 3947 1012 3997 Romani
1056 3954 1113 3996 et
1153 3946 1382 3998 Etrusci.

323 4021 546 4071 Kircltnt.

391 4095 621 4160 Candidi]
651 4096 680 4125 ¹
715 4098 853 4147 Saxo
875 4098 911 4146 l.
934 4110 1060 4148 vm.
1123 4098 1226 4148 Sed
1249 4098 1387 4149 bella

319 4172 406 4222 bic
427 4180 510 4223 est
532 4172 738 4222 occasio
777 4174 988 4223 Seneca
1026 4175 1196 4225 locum
1229 4174 1386 4223 corri-

325 4248 498 4315 gendi,
517 4262 672 4315 quein
693 4249 738 4301 is
762 4248 829 4301 de
849 4249 958 4317 Ira,
977 4250 1068 4303 lib.
1088 4264 1177 4302 ιιι.
1199 4255 1283 4303 21.
1315 4262 1386 4301 et

1453 401 1621 450 cst».
1663 384 1773 448 11.
2350 383 2525 452 ωδ

1457 539 1715 590 Herodoti
1738 539 1827 589 lib.
1846 553 1885 590 r.
1920 539 2119 590 retulit·
2196 539 2251 590 Is
2276 540 2431 603 vulgo
2448 541 2523 590 sic

1457 615 1650 677 legitur
1672 631 1683 664 =
1718 616 1733 642 ‘
1760 615 1905 665 Unus
1926 629 1995 664 cx
2017 616 2183 678 equis,
2202 617 2291 679 qui
2312 617 2523 668 trabere

1455 705 1663 741 currum
1686 691 1883 754 regium
1908 689 2029 739 alibi
2059 689 2315 751 solebant,
2334 691 2523 756 abrep-

1457 772 1542 816 tus
1598 767 1933 816 veliementer
1976 767 2255 816 commovit
2306 765 2521 832 regern-⁹

1454 841 1651 893 >Quidni
1675 843 1811 890 enim
1836 843 2109 906 legendum
2130 842 2234 892 sit?
2284 843 2385 898 Qut
2420 848 2521 894 tra-

1450 917 1566 966 here
1583 917 1771 978 regim
1788 931 1981 966 carram
2000 917 2097 967 atha·
2114 916 2342 967 uldam.
2387 918 2521 968 Ean-

1457 991 1574 1040 dem
1598 991 1865 1042 historiam
1902 1000 2079 1041 narrat
2116 992 2435 1056 Freculpbns
2458 993 2523 1044 13-

1455 1068 1699 1131 piscopus
1714 1069 2043 1118 Lexoviensis
2064 1085 2077 1118 ε
2101 1071 2117 1100 ⁸
2136 1069 2397 1135 Impetum
2412 1071 2523 1134 ejus

1455 1145 1629 1210 [Cyri]
1666 1146 1881 1210 Gyndes
1918 1145 2107 1197 fluvius
2126 1148 2368 1198 secunda
2406 1155 2525 1212 post

1455 1223 1779 1288 Euphratem
1812 1221 2179 1286 magnitudinis
2210 1225 2523 1288 intercepit:

1449 1311 1572 1346 nam
1618 1311 1773 1347 unum
1814 1297 2075 1361 regiorum
2118 1313 2367 1364 equorum
2404 1314 2523 1350 can·

1455 1371 1582 1422 dore
1630 1372 1903 1439 formaque
1950 1375 2316 1438 excellentem,
2359 1383 2527 1426 trans-

1451 1449 1665 1498 meandi
1706 1448 1897 1500 fiducia
1934 1465 2256 1514 persuasum,
2294 1465 2395 1516 qua
2428 1463 2525 1514 per

1451 1539 1695 1589 rapacem
1718 1526 1921 1575 alveum
1944 1523 2131 1575 offensi
2146 1524 2277 1575 vado
2302 1525 2525 1576 vertices

1453 1599 1857 1661 adtollebantnr‚
1904 1608 2173 1666 arreptum
2228 1601 2525 1666 precipita-

1453 1681 1669 1739 tumque
1693 1676 2016 1726 merserunt-⁹
2074 1679 2230 1727 Color.

1522 1753 1659 1802 Car.
1680 1757 1761 1802 ll.
1824 1753 1967 1814 Apud
1996 1753 2233 1816 prinsipes
2260 1757 2526 1817 pertracte-

1453 1830 1647 1893 reatur]
1729 1829 2059 1880 contradicit
2122 1829 2221 1880 sibi
2286 1829 2525 1884 Tacitus.

1456 1906 1729 1958 Quomodo
1751 1906 1887 1955 enim
1906 1905 1949 1956 si
1968 1905 2111 1969 apud
2130 1905 2391 1970 priucipa-
2408 1921 2529 1970 per·

1447 1988 1751 2032 tractantur
1778 1981 2005 2044 negotia,
2034 1995 2219 2032 earum
2252 1981 2525 2032 arbitrium

1453 2071 1617 2122 penes
1642 2058 1849 2123 plebem
1872 2057 1981 2108 dici
2002 2059 2217 2122 potest?
2260 2063 2353 2108 aut
2372 2058 2417 2107 si
2446 2071 2529 2106 ar-

1457 2133 1671 2184 bitrium
1725 2134 1895 2197 plebis
1936 2140 2035 2193 est,
2080 2131 2335 2196 quomodo
2385 2131 2524 2195 apud

1456 2207 1719 2271 principes
1743 2207 1947 2256 demum
1985 2207 2408 2268 pertractantur?
2456 2207 2525 2256 E-

1455 2281 1647 2331 mendo
1682 2285 2069 2344 prandeatur,
2108 2283 2191 2342 qe.
2234 2281 2265 2310 ⁶
2316 2280 2525 2331 Acidal-

1461 2357 1637 2406 Coesar
1658 2357 1696 2406 1.
1718 2371 1795 2406 vt.
1828 2357 1845 2385 ⁴
1868 2357 1919 2404 in
1944 2370 2073 2420 pace
2096 2356 2265 2406 nullus
2283 2363 2363 2406 est
2386 2371 2527 2406 com·

1458 2433 1625 2483 munis
1654 2433 2003 2497 magistratus,
2030 2429 2121 2481 sed
2160 2431 2419 2495 principes
2444 2445 2527 2482 re·

1459 2510 1665 2573 giountn
1684 2514 1840 2573 atque
1861 2522 2109 2572 pagorum
2132 2509 2271 2559 iuter
2290 2522 2409 2558 siros
2434 2508 2525 2572 jus

1459 2587 1661 2648 dicunt,
1714 2586 2193 2651 controversiasque
2258 2585 2527 2636 minuunt?

1459 2665 1580 2717 Quo
1624 2672 1797 2714 tamen
1842 2662 2005 2728 magia
2042 2664 2131 2714 illa
2184 2664 2527 2726 illustrantur,

1459 2754 1576 2805 quae
1594 2740 1729 2791 infra
1746 2738 1933 2790 scribit
1943 2739 2157 2790 Tacitus
2178 2754 2193 2789 ε
2226 2740 2241 2767 ‘
2261 2741 2526 2803 eliguntur

1455 2817 1510 2866 in
1547 2817 1730 2867 iisdem
1763 2816 1991 2867 conciliis
2034 2824 2091 2867 et
2134 2816 2396 2880 principes
2434 2816 2524 2881 qui

1455 2892 1564 2941 vita
1583 2893 1871 2955 excellunt,
1890 2892 1979 2956 qui
2006 2892 2132 2957 jura
2157 2906 2254 2955 per
2274 2892 2414 2941 vicos
2436 2905 2525 2955 pa·

1459 2980 1655 3030 gosque
1678 2966 1939 3017 reddunt.’
2006 2966 2091 3016 Ita
2114 2968 2249 3017 enim
2268 2967 2473 3033 adjutus
2490 2982 2523 3017 a

1455 3042 1643 3091 Bamb.
1682 3042 1873 3091 scribo.
1938 3042 2056 3091 Erit
2090 3042 2269 3106 itaque
2304 3045 2407 3093 vita
2440 3056 2524 3092 ω-

1454 3116 1637 3178 csuere,
1656 3117 1779 3166 vitm
1796 3132 1857 3166 ac
1878 3130 2075 3165 morum
2090 3118 2393 3180 integritate
2414 3119 2523 3167 exi·

1453 3191 1615 3241 mium
1636 3205 1781 3253 esse3
1804 3192 1885 3241 vel
1908 3192 2087 3253 ctiam,
2106 3198 2265 3243 oetatc
2285 3194 2523 3256 grandio-

1457 3280 1566 3317 rem
1586 3283 1722 3318 esse.
1758 3269 1915 3317 Color.
1982 3268 2255 3332 Egregiatn
2272 3268 2523 3319 describit

1455 3341 1588 3407 reip.
1606 3343 1823 3394 formam
1842 3342 1978 3408 apud
1994 3350 2177 3406 gentes
2192 3343 2245 3391 iu
2260 3343 2357 3393 hoc
2374 3352 2519 3393 certe

1455 3432 1556 3467 nou
1591 3420 1849 3468 barbaras.
1916 3417 2018 3467 Sed
2042 3432 2197 3481 quam
2234 3418 2520 3481 corrumpit

1457 3508 1557 3542 vox
1581 3508 1683 3543 nna
1715 3498 1978 3556 corrupta,
2017 3507 2112 3556 pro
2149 3507 2250 3557 qua
2288 3492 2519 3542 scriben-

1456 3568 1578 3619 dum
1642 3583 1741 3619 non
1813 3567 2067 3631 ambigam
2134 3570 2520 3631 premamur.

1457 3644 1577 3694 Hoc
1602 3652 1698 3706 est,
1720 3644 1855 3709 qnod
1881 3644 2018 3706 apud
2042 3642 2405 3705 Athenienses,
2418 3644 2520 3693 &c-

1455 3718 1486 3748 ⁴·
1520 3719 1763 3769 Meminit
1784 3716 2061 3783 προβούλων
2096 3724 2152 3768 et
2188 3716 2524 3781 Aristoteles,

1455 3796 1618 3847 Polit.
1642 3810 1715 3846 tv,
1740 3800 1820 3845 14.
1842 3804 1899 3847 et
1920 3810 1997 3845 vt.
2016 3800 2063 3845 8.
2106 3794 2323 3844 Grotius.

1525 3872 1780 3921 Inchoatur
1802 3871 1935 3935 lana]
2004 3872 2117 3919 Nou
2138 3870 2322 3918 mirum
2344 3868 2521 3930 igitur,

1457 3950 1498 3998 si
1521 3948 1739 3999 faemina²
1767 3950 2141 3999 Germanorum
2166 3952 2345 3996 vetant
2368 3946 2519 3996 Ario-

1459 4024 1664 4087 vistum,
1686 4040 1751 4075 ne
1777 4038 1999 4089 pugnam
2022 4030 2259 4071 conserat
2282 4028 2403 4071 ante
2420 4022 2522 4071 Lu·

1457 4114 1575 4149 nant
1602 4114 1805 4149 novam.
1870 4100 2045 4149 (za-sar
2072 4099 2105 4146 1.
2129 4112 2167 4147 1.
2200 4102 2215 4125 ⁶
2241 4112 2327 4147 eas
2348 4098 2425 4147 ita
2446 4096 2522 4145 di·

1457 4190 1614 4225 cere:
1658 4189 1759 4224 non
1793 4188 1905 4224 esse
1940 4173 2019 4222 fas
2059 4172 2345 4223 Germanos
2368 4184 2521 4235 supe·

1457 4265 1601 4317 rare,
1642 4252 1689 4301 si
1723 4256 1847 4301 ante
1884 4250 2081 4301 Lunam
2118 4260 2304 4299 novam
2338 4248 2523 4314 prelio
