3175 4925
565 315 740 399 8292

563 488 741 527 uerus.
810 474 1040 539 Corrigit
1059 489 1136 537 se,
1169 473 1356 539 inquit,
1379 473 1516 539 quod
1549 473 1628 537 id,

565 549 704 617 qnod
733 550 1072 602 Quadratillae
1095 550 1233 599 mimi
1263 555 1515 613 proesente
1537 549 1626 598 do-

565 626 708 676 mina
731 622 1005 686 faciebant,
1037 640 1134 675 uon
1173 627 1333 675 bonor
1355 632 1512 686 esset,
1533 625 1625 673 sed

565 703 796 753 adulatio
811 704 994 768 turpis.
1044 704 1226 765 Immo,
1242 703 1471 768 corrigit,
1489 702 1627 769 quod

564 792 674 841 eos,
695 780 780 843 qui
805 779 1143 831 Quadratillae
1166 777 1492 843 pantomimis
1525 786 1631 828 stu·

565 854 804 917 «inerant,
837 854 887 902 id
922 855 972 903 in
1007 855 1256 904 honorem
1295 853 1519 903 dominae
1551 853 1627 903 fe·

564 930 697 981 cisse
737 931 956 979 dixerat.
1021 930 1400 981 scribendum:
1450 929 1629 993 (pudet

562 1020 638 1055 nse
652 1006 830 1055 dixisse
845 1007 1084 1068 honorem,
1113 1020 1198 1069 per
1229 1005 1512 1054 adulationis
1529 1006 1627 1070 «ΨΕ-

559 1082 719 1147 gurm)
755 1089 813 1131 ut
834 1082 1091 1145 intelligas
1115 1079 1179 1129 ad
1204 1081 1458 1143 posterius
1476 1094 1628 1127 mem-

561 1154 732 1219 brum,
771 1158 934 1216 immo,
975 1156 1058 1205 vel
1096 1156 1221 1204 volui
1257 1154 1428 1205 dicere.
1510 1154 1627 1203 Nisi

561 1230 845 1295 simplicius
867 1236 969 1294 est,
999 1232 1178 1294 (pudet
1197 1245 1270 1278 me
1289 1230 1467 1278 dixisse
1488 1228 1628 1281 hono-

559 1320 680 1367 rem,
713 1306 835 1369 quod
869 1310 941 1354 est
977 1306 1261 1353 adulationis
1299 1305 1534 1369 (fficium)
1573 1304 1626 1352 in

560 1380 817 1431 theatrum.
885 1381 1138 1429 Gruterus
1169 1378 1250 1429 hic
1284 1378 1476 1442 aliquid
1509 1392 1625 1427 esse

562 1457 732 1509 scabri
787 1457 935 1506 vidit.
1021 1456 1348 1517 Cursitabant,
1401 1454 1625 1521 (pergit)

559 1534 710 1599 qnasi
725 1533 896 1596 cupidi
921 1547 1033 1581 eam
1056 1530 1282 1580 videndi.
1349 1530 1470 1580 Non
1487 1544 1626 1591 eam,

557 1609 652 1661 sed
707 1609 1050 1673 pantomimos
1093 1596 1222 1670 ejusss
1305 1606 1627 1655 Εεαιὶεαὸακέ

499 1694 504 1701 ·
556 1684 754 1750 (addit)
778 1686 922 1749 quasi
946 1682 1223 1732 exhilarati
1246 1682 1359 1744 ejus
1391 1690 1625 1745 aspectu.

559 1763 926 1827 Nequaquam,
967 1760 1056 1809 sed
1104 1760 1408 1808 simulantes
1453 1759 1529 1808 ita
1569 1774 1625 1809 se

557 1838 851 1903 permoveri
875 1852 937 1886 ac
961 1835 1250 1900 pertentari
1285 1834 1506 1884 artificio
1527 1837 1627 1885 sal-

560 1912 798 1975 tantium,
835 1918 894 1961 ut
931 1912 1131 1961 decoris
1165 1911 1314 1960 obliti
1359 1913 1625 1976 quiescere

561 2002 624 2039 ac
645 1989 816 2037 locum
853 1994 1032 2037 tenere
1059 2002 1244 2051 segnes
1268 2002 1367 2037 non
1394 1995 1625 2051 possent.

559 2063 878 2125 Plaudebant,
898 2062 1192 2111 mirabantur
1223 2062 1534 2128 (subnectit)
1567 2072 1627 2115 ut

559 2140 922 2205 gratulabundi
939 2147 993 2189 et
1011 2142 1098 2205 qui
1120 2138 1528 2204 magnifacerent
1545 2143 1624 2207 ip-

554 2218 659 2269 sius
683 2217 850 2267 dotes.
901 2218 1022 2267 Non
1045 2216 1228 2281 ipsius,
1251 2219 1340 2266 sed
1365 2218 1626 2283 pantomi-

554 2308 786 2343 morum:
843 2308 1012 2359 neque
1066 2308 1132 2342 ex
1174 2293 1378 2355 anim03
1429 2294 1521 2344 sed
1564 2301 1625 2343 ut

557 2368 840 2432 plaudendi
896 2369 1208 2433 principium
1257 2374 1414 2432 esset,
1460 2378 1625 2435 utque

556 2444 827 2508 baberent,
863 2445 1000 2511 quod
1040 2444 1362 2510 imputarent
1380 2444 1625 2498 dominae.

556 2522 822 2572 volebant
858 2522 992 2570 euim
1033 2537 1152 2570 suos
1195 2522 1250 2569 in
1289 2521 1386 2571 boc
1429 2537 1623 2586 genere

558 2595 777 2648 laudari.
833 2598 1092 2647 Lucianus
1114 2596 1220 2660 περὶ
1251 2597 1346 2645 τῶν
1362 2596 1439 2644 ἐπὶ
1457 2597 1626 2658 μισθοῦ.

546 2672 646 2723 Ἦν
663 2672 752 2734 μὲν
771 2673 866 2737 ’γὰρ
882 2672 1081 2738 κατείπῃ
1102 2671 1192 2722 σού
1210 2690 1284 2722 τις
1304 2671 1490 2736 ψίθυρος
1509 2671 1628 2722 οἰκ(-

557 2767 662 2812 της,
683 2750 744 2799 ὣς
769 2747 908 2810 μόνος
941 2747 1024 2797 οῦκ
1044 2746 1274 2814 ἑηίνεσας
1292 2747 1378 2798 τὸν
1405 2751 1493 2808 τῆς
1519 2751 1627 2798 δεσ-

556 2825 722 2890 petrns
744 2825 987 2876 παιδίσκον
1007 2824 1293 2890 ὀρχούμενον
1315 2825 1348 2883 ἢ
1369 2824 1628 2889 κιθαρίζον-

557 2921 639 2966 τα,
659 2904 868 2954 κίνδυνος
885 2903 940 2952 οὗ
965 2902 1124 2967 μικρὸς
1147 2903 1202 2952 ἐκ
1229 2903 1316 2952 τοῦ
1334 2900 1627 2966 πράγματος·

555 2981 654 3045 χρὴ
671 2975 754 3031 οὖν
769 2979 994 3044 χερσαίου
1013 2977 1260 3043 βατράχου
1274 2977 1406 3040 δίκην
1425 2981 1629 3042 διψῶντα

557 3056 622 3123 (f.
666 3057 914 3120 διψόντοε)
956 3055 1250 3121 κεκραγέναι,
1293 3056 1354 3105 ὡς
1404 3054 1629 3116 ἐπίσημος

559 3133 647 3200 ἔσῃ
670 3135 722 3182 ἐν
740 3136 840 3183 τοῖς
861 3134 1098 3184 ἐπαινοῦσι
1119 3133 1198 3183 καὶ
1229 3135 1498 3196 κορυφαῖος,
1527 3134 1626 3182 δπι·

557 3208 864 3272 μελοῦμενον·
901 3209 1135 3260 πολλάκις
1156 3209 1206 3259 δὲ
1227 3209 1306 3259 καὶ
1333 3213 1432 3258 τᾶν
1465 3208 1629 3259 ἄλλον

555 3285 894 3345 σιωπησάντων
929 3287 1074 3336 αὐτὸν
1105 3287 1310 3336 ἐπειπεῖν
1343 3286 1454 3336 ἔσκε
1600 3303 1629 3336 ν

557 3362 665 3414 τινὰ
681 3362 874 3414 ἔπαινον
892 3363 1082 3422 πολλὴν
1099 3363 1191 3422 τὴν
1211 3361 1466 3412 κολακείαν
1481 3363 1628 3426 ἐμφα-

557 3442 760 3492 ymos-m.
827 3441 1086 3506 Denique,
1118 3441 1222 3490 Sed
1265 3455 1329 3490 eo
1361 3455 1466 3490 non
1504 3455 1624 3490 con-

558 3519 710 3580 tenti,
730 3517 824 3578 ait,
835 3518 1049 3580 sing-ulos
1064 3518 1210 3568 etiam
1227 3522 1390 3580 gestus
1405 3518 1625 3580 donninoe,

557 3600 616 3641 et
637 3606 726 3641 eos
757 3607 864 3641 cum
899 3594 1098 3641 conticis
1125 3595 1395 3657 reddebant,
1431 3593 1484 3643 id
1521 3601 1623 3657 est,

556 3665 898 3716 imitabantur
912 3675 966 3716 et
990 3668 1366 3732 exprimebant,
1383 3671 1623 3719 accinen-

557 3750 642 3793 tes
685 3742 920 3791 saltando
971 3743 1186 3808 aliquid,
1243 3759 1346 3808 quo
1401 3745 1623 3794 dominae

554 3817 734 3868 landes
757 3818 1076 3869 attollerent.
1116 3820 1278 3868 Nulla
1298 3819 1378 3869 bic
1399 3819 1625 3869 sublatio

555 3895 770 3946 laudum
811 3901 902 3943 aut
941 3892 1162 3944 imitatio
1195 3901 1432 3958 gestuum
1465 3893 1625 3944 domi-

559 3985 674 4022 uoez
721 3971 813 4020 sed
853 3985 972 4020 cum
1020 3971 1268 4020 Numidia
1301 3985 1530 4035 praesens
1569 3973 1624 4021 in

560 4045 768 4095 theatro
787 4059 886 4095 non
909 4045 1116 4110 fuisset,
1138 4047 1188 4096 lii
1211 4047 1427 4096 clientes
1445 4047 1510 4098 ad
1535 4063 1624 4113 pa-

555 4127 760 4170 tronam
799 4121 1006 4171 donnum
1045 4125 1314 4173 venientes
1343 4123 1626 4174 narrabant

553 4195 888 4262 ιῦημερήματα
919 4199 1352 4266 pantomimorum
1385 4200 1524 4266 ejus,
1565 4205 1627 4250 ut

1259 332 1472 387 NOTAE
1514 328 1851 381 vamoltu
1864 330 1917 379 H
1964 330 2046 377 IN

1700 486 1907 523 scenam
1945 469 2252 532 tenuissent,
2280 481 2417 533 quos·
2428 468 2639 533 plausus
2656 480 2769 522 ne·

1704 550 1963 605 ruissent:
2000 546 2123 612 quin
2148 546 2303 595 etiam
2336 543 2765 609 addebant,⁴qnu

1703 624 1993 683 canticaab
2022 623 2257 686 tragoedo
2290 621 2626 685 pronuntiata
2656 622 2768 684 qui·

1705 700 1799 751 bus
1822 700 2051 765 gestibus
2075 698 2411 759 effluxissent,
2440 696 2641 761 ipsique
2674 704 2767 747 eos

1704 775 2151 839 repraesentabant
2190 772 2447 835 saltando,
2486 772 2537 823 in
2578 771 2765 835 qulbus

1703 852 2005 915 placuerant
2048 851 2297 903 maxime:
2354 849 2497 899 nulla
2552 848 2651 897 alia
2700 848 2769 901 da

1702 941 1877 991 causa,
1899 942 2054 992 quam
2073 933 2130 975 ut
2154 924 2401 975 Numidia
2416 923 2610 975 talibus
2630 936 2767 975 mau-

1702 1002 1852 1065 cipiis
1876 1010 1964 1053 atat
1999 1001 2199 1051 libertis
2232 1000 2503 1063 gauderet,
2523 999 2625 1062 ipsi
2648 1014 2766 1057 cum

1704 1080 1821 1127 viva
1844 1084 2129 1137 coenarent,
2149 1077 2200 1125 in
2224 1084 2441 1125 mortuae
2469 1072 2658 1129 tabulis
2684 1080 2768 1126 ati·

1702 1162 1851 1217 gusto
1885 1156 2000 1204 loco
2038 1154 2317 1203 baererent.
2382 1150 2581 1199 Eodem
2602 1151 2767 1215 perti>

1700 1236 1811 1291 net,
1833 1230 1969 1294 quod
1999 1228 2271 1279 Suetonius
2307 1225 2471 1277 refert
2505 1226 2569 1275 de
2600 1226 2767 1277 Nero·

1700 1320 1765 1355 ne
1806 1320 1855 1355 c.
1892 1310 1973 1355 20.
2008 1308 2023 1333 ‘
2050 1304 2475 1355 Adolescentulos
2514 1304 2767 1367 equestris

1701 1380 1917 1443 ordinis,
1942 1388 1995 1429 et
2018 1380 2243 1444 quinque
2284 1378 2501 1439 anplius
2540 1378 2703 1427 millia
2734 1392 2766 1428 ο

1702 1457 1855 1520 plebe
1891 1457 2255 1506 robustissimae
2279 1456 2571 1518 juventutis
2589 1454 2766 1519 elegit,

1703 1533 1791 1598 qui
1816 1532 1965 1581 divisi
2000 1534 2051 1581 in
2089 1530 2345 1580 factiones
2384 1530 2655 1593 plausuum
2680 1544 2767 1595 ge-

1701 1623 1829 1657 nera
1866 1607 2246 1667 condiscerent,
2277 1620 2591 1671 operamque
2612 1621 2768 1655 nava·

1702 1692 1820 1736 rent
1852 1687 2085 1736 cantanti
2126 1686 2266 1737 sibi.'
2346 1686 2592 1749 Denique
2626 1687 2769 1737 daces

1700 1763 2007 1812 theatralium
2025 1778 2272 1825 operarum
2306 1769 2445 1823 sunt,
2479 1776 2605 1825 quos
2627 1760 2765 1813 idem

1699 1838 1973 1889 Suetonius
2014 1839 2244 1903 appellat
2281 1838 2334 1885 in
2372 1837 2582 1887 Tiberio
2613 1842 2766 1889 (3.87.

1699 1914 2154 1978 copitasacticmum.
2220 1912 2305 1963 Ad
2339 1913 2430 1961 has
2464 1914 2619 1962 etiam
2646 1928 2766 1977 ope—

1699 2005 1783 2039 ras
1807 1992 2067 2055 pertinere
2093 1988 2331 2039 videntur
2366 1995 2579 2038 tessera
2600 1989 2657 2039 iu
2690 2003 2769 2039 re-

1700 2066 1869 2130 liquiis
1891 2065 2321 2128 antiquariorum,
2358 2064 2625 2128 inscripta
2662 2064 2769 2115 ΒΡ.

1700 2142 1782 2191 vel
1828 2139 2073 2189 SPECT.
2119 2141 2203 2189 vel
2247 2140 2668 2190 SPECTAVIT.
2714 2141 2767 2189 in

1702 2215 1885 2280 quibus
1905 2215 2112 2265 laborat
2133 2216 2288 2265 Laur.
2310 2214 2601 2279 Pignorius.
2639 2216 2768 2267 Vult

1700 2296 1871 2340 autem
1887 2291 2172 2342 conductos
2192 2291 2439 2356 quosdam
2453 2292 2767 2355 gladiatores

1700 2368 1820 2417 olim
1863 2368 1991 2417 rude
2032 2368 2270 2430 donatos,
2305 2368 2392 2432 qui
2429 2375 2765 2432 spectarentt

1698 2456 1753 2499 et
1788 2450 2001 2499 uomina
2035 2449 2245 2500 servilia
2282 2449 2332 2498 in
2354 2449 2539 2499 iisdem
2558 2448 2767 2512 Anthus,

1701 2528 1928 2588 Faustus,
1965 2527 2223 2590 Ingenuus,
2262 2527 2508 2591 Olympus,
2540 2528 2769 2592 Repe-ei.-

1700 2617 1806 2664 αω,
1829 2603 2053 2665 Hermes,
2100 2603 2255 2665 Felix,
2295 2603 2616 2664 Philodamus,
2646 2603 2767 2654 Phi·

1701 2679 1922 2740 tergum
1956 2692 2073 2728 esse
2114 2678 2338 2740 illorum,
2376 2693 2407 2728 a
2442 2680 2645 2744 quibus,
2680 2679 2766 2730 eni

1702 2759 1899 2802 tessera
1937 2754 2230 2816 obtigisset,
2271 2755 2545 2818 pecuniam
2584 2769 2767 2818 posce·-

1701 2834 1819 2890 ret;
1854 2835 1945 2878 aut
1968 2830 2122 2879 etiam
2148 2832 2372 2894 ipsorum
2397 2831 2760 2892 miliariorum,

1702 2906 1789 2969 qui
1844 2913 2206 2968 spectassent,
2265 2906 2491 2971 denique
2542 2907 2585 2955 si
2640 2908 2767 2957 nibil

1701 2981 1860 3043 alind,
1882 2982 2213 3032 statuendum
2236 2983 2527 3048 hujusmodi
2548 2979 2767 3034 tesseras

1700 3056 1753 3106 in
1777 3072 1871 3106 usu
1895 3056 2073 3120 fuisse,
2094 3066 2154 3108 nt
2186 3067 2512 3122 spectatores
2534 3060 2655 3109 inde
2676 3061 2769 3110 alit·

1702 3133 1825 3197 quid
1861 3134 2201 3184 lucrarentur.
2262 3135 2575 3199 suspicabar
2604 3142 2767 3187 tesse-

1702 3223 1783 3257 ras
1805 3209 1917 3258 illas
1938 3207 2092 3258 fuisse
2116 3210 2253 3258 iuter
2292 3209 2501 3260 fastidia
2524 3211 2767 3274 divitum,

1700 3288 1790 3351 qui
1812 3302 1845 3336 a
1862 3287 2138 3336 clientibus
2158 3289 2261 3354 suis
2282 3287 2598 3354 frequentari
2622 3303 2767 3353 spec·

1702 3362 1945 3424 taculum,
1966 3363 2073 3412 sive
2094 3363 2161 3413 ab
2184 3364 2309 3427 ipsis
2345 3364 2543 3427 datum,
2566 3365 2675 3414 sive
2700 3364 2765 3415 ad

1698 3437 1830 3487 illud
1852 3437 2040 3487 editori
2062 3439 2347 3504 histriones,
2368 3455 2531 3505 equos
2552 3447 2609 3490 et
2633 3440 2766 3490 auri·

1700 3529 1807 3578 gas,
1830 3513 2060 3564 homines
2083 3515 2147 3564 ad
2172 3513 2367 3564 ferrum
2397 3515 2767 3578 praebuisseut,
2824 3564 2831 3570 ,

1700 3592 1883 3658 quibus
1904 3588 2183 3656 plaudendi
2213 3598 2455 3642 auctores
2479 3592 2657 3656 utique
2676 3591 2767 3640 de·

1698 3683 1815 3717 esse
1854 3669 2072 3731 nollent,
2112 3682 2206 3717 sna
2244 3667 2440 3716 referre
2482 3673 2767 3731 putarentz

1698 3744 1905 3792 nomina
1926 3752 2096 3796 autem
2120 3757 2233 3794 esse
2268 3745 2539 3794 custodum
2562 3743 2768 3808 apposi—

1700 3825 1869 3868 torum
1904 3819 1969 3868 ad
2008 3819 2405 3882 observandum,
2436 3821 2523 3883 qui
2568 3825 2765 3882 proesto

1698 3892 1935 3956 fuissent,
1956 3896 2041 3959 qui
2064 3909 2199 3943 non:
2238 3901 2395 3959 atque
2416 3910 2521 3959 eos,
2543 3894 2630 3959 qui
2654 3891 2765 3944 offi-

1700 3972 1837 4020 cium
1854 3970 2122 4035 fecissent,
2142 3985 2235 4035 pro
2250 3972 2543 4022 testimonio
2560 3970 2765 4021 tesseris

1700 4051 1929 4114 acceptis
1950 4064 1983 4099 a
2015 4050 2313 4100 custodibus
2336 4049 2451 4099 istis
2485 4056 2543 4098 et
2576 4048 2641 4098 ad
2678 4061 2758 4096 re·

1700 4139 1815 4189 gem
1854 4139 2003 4174 suum
2040 4121 2765 4189 despensstoremve-ejusak

1692 4201 1823 4252 latis
1836 4201 2091 4252 coemlam
2108 4201 2194 4252 vel
2214 4202 2501 4267 sportulam
2515 4199 2601 4251 vol
2618 4195 2763 4254 aliud
