3175 4925
607 406 783 485 3782

607 574 849 625 Desitum
863 575 972 640 jam
1009 573 1214 640 pridem
1235 573 1484 624 orationis
1507 587 1671 637 genus

609 650 780 715 ipsum
813 666 1017 715 quoqne
1053 651 1312 701 Tiberium
1349 649 1669 699 adverterat.

611 724 747 773 Tum
770 726 904 787 ille‚‘
924 726 1096 791 Audi:
1112 728 1292 792 inquit,
1311 728 1328 757 ‘
1345 728 1534 788 Caesar,
1548 726 1671 792 quid

612 800 704 861 sit,
748 801 882 865 quod
919 816 1094 852 omnes
1131 818 1227 852 nos
1271 802 1367 852 tibi
1406 816 1673 852 succense-

611 889 758 925 mus:
793 889 957 941 neque
994 886 1162 927 tamen
1200 879 1470 943 quisquam
1507 877 1673 927 libere

615 954 796 1005 dicere
819 956 1013 1005 audet!
1082 957 1470 1005 cohorruerunt
1498 968 1674 1006 omnes

616 1028 934 1093 dubitantes,
963 1046 1066 1095 quo
1089 1032 1298 1081 tandem
1333 1044 1577 1080 evasurus
1600 1045 1674 1079 es-

613 1112 712 1156 set.
779 1104 853 1155 At
885 1106 991 1163 ilie,
1023 1108 1038 1133 ‘
1060 1104 1330 1169 Negligis,'
1351 1106 1537 1170 iuquit,
1564 1105 1580 1132 ‘
1602 1111 1675 1154 te-

611 1182 910 1245 metipsum,
964 1182 1268 1244 (dicendum
1323 1182 1458 1232 enim
1509 1181 1676 1231 libere

617 1256 722 1323 est)
762 1274 930 1323 neque
953 1260 1188 1323 corporis
1221 1260 1294 1308 tui
1321 1274 1494 1310 curam
1517 1259 1675 1308 ullam

617 1335 781 1399 geris:
817 1350 1049 1384 maceras
1094 1345 1150 1386 te
1190 1336 1396 1385 assidue
1434 1337 1569 1385 curis
1615 1350 1677 1385 ac

614 1410 877 1460 laboribus
906 1426 1061 1462 causa
1077 1417 1257 1461 nostra
1279 1411 1563 1474 susceptis:
1587 1425 1679 1459 ne-

615 1502 720 1552 que
751 1487 978 1537 interdiu
1015 1502 1182 1552 neque
1215 1492 1373 1536 noctu
1411 1486 1679 1550 conquies-

618 1561 726 1613 cis!
767 1562 917 1613 Talia
939 1564 1100 1613 multa
1114 1562 1451 1613 continuante
1476 1576 1538 1611 ac
1558 1575 1680 1610 con·

622 1647 838 1691 texente
862 1641 970 1701 ilio,
995 1639 1198 1689 Cassius
1218 1640 1440 1689 Severus
1470 1638 1536 1688 ad
1569 1653 1678 1701 eos,

618 1715 823 1781 quisibi
839 1715 1465 1778 adsidebant,conversus,
1482 1714 1498 1741 ‘
1510 1716 1679 1768 Quam

616 1790 829 1853 metuo,’
854 1790 1036 1854 inquit,
1067 1792 1082 1817 ‘
1105 1804 1170 1837 ne
1205 1790 1292 1839 iua
1324 1790 1539 1839 libertas
1561 1790 1679 1840 huic

616 1866 808 1915 homini
831 1866 1050 1914 exitiosa
1073 1864 1177 1915 sit!
1213 1866 1452 1914 Muretus.

685 1942 868 2004 Corpus
904 1939 1128 2001 humeris]
1215 1940 1319 1992 Qui
1362 1940 1543 2002 honor,
1583 1940 1679 1989 nisi

617 2015 790 2081 failor,
807 2017 964 2065 Sullae
988 2015 1195 2065 habitus
1230 2016 1394 2080 primo
1430 2016 1681 2065 Romano-

619 2106 750 2141 rum.
819 2091 1114 2155 Appianum
1137 2093 1255 2155 lege
1277 2104 1317 2141 1.
1341 2090 1492 2139 Civil.
1529 2090 1661 2155 Lips.

687 2168 917 2217 Homer-5⁸
946 2165 1235 2229 matonam]
1301 2168 1383 2216 Ex
1421 2166 1683 2230 cubiculo,

620 2245 674 2294 in
712 2258 813 2309 quo
845 2250 1078 2293 mortuns
1101 2248 1238 2305 erat,
1269 2242 1602 2307 quadraginta
1625 2243 1682 2291 il-

619 2322 728 2371 lum
769 2320 1069 2385 praetoriani
1101 2320 1293 2370 milites
1327 2321 1380 2370 in
1422 2319 1682 2383 publicum

620 2398 930 2448 extulerant.
999 2397 1131 2447 Inde
1149 2396 1452 2447 decuriones
1474 2397 1682 2446 munici-

618 2474 818 2540 piorum
843 2482 900 2525 et
921 2475 1235 2525 coloniarum
1257 2473 1487 2525 Bovillas
1521 2489 1683 2538 usque

619 2535 1052 2616 deporta'erunt.
1140 2551 1222 2600 Ibi
1273 2545 1392 2600 eum
1442 2559 1686 2616 equester

622 2627 751 2676 ordo
764 2633 1060 2690 susceptum
1082 2627 1134 2675 in
1152 2626 1332 2676 urbem
1351 2627 1686 2690 intulerat,et

622 2702 677 2752 in
695 2701 954 2752 vestibulo
976 2701 1158 2751 donus
1181 2703 1482 2752 collocarat.
1533 2702 1687 2752 Unde

625 2783 896 2841 acceptum
919 2784 1181 2827 senatores
1203 2779 1256 2827 in
1278 2779 1531 2842 Campum
1549 2779 1689 2828 Mar-

624 2855 756 2904 tium
795 2854 1097 2906 intulerunt.
1163 2853 1250 2904 Ita
1283 2857 1371 2920 qui
1408 2855 1553 2904 vivus
1583 2871 1687 2904 om-

623 2931 766 2980 nium
808 2929 1109 2980 libertatem
1154 2937 1506 2995 oppresserat,
1557 2946 1691 2980 mor·

623 3011 746 3080 tpus
769 3006 992 3056 omnium
1013 3007 1252 3056 humeros
1269 3008 1475 3072 pressit.
1511 3007 1691 3058 Mar-et.

689 3081 895 3133 neminie
938 3083 1128 3145 θεων]
1193 3083 1364 3135 Quid?
1417 3097 1518 3133 non
1565 3099 1689 3147 ergo

627 3162 822 3211 elatum
860 3153 1049 3224 corpus
1091 3162 1314 3212 humeris
1353 3161 1689 3214 Senatorum?

625 3237 726 3286 Est
767 3251 906 3287 vero.
991 3238 1297 3287 Suetonius:
1348 3239 1687 3289 ‘Senatorum

621 3311 847 3362 humeris
881 3313 1085 3362 delatus
1121 3314 1172 3362 in
1211 3329 1457 3379 campum
1495 3331 1691 3366 crema-

623 3387 845 3454 tnsque.’
911 3389 1058 3438 Idem
1085 3389 1207 3440 Dio.
1270 3389 1348 3440 At
1369 3392 1689 3442 Remittendi

623 3465 842 3514 verbum
866 3479 930 3515 eo
954 3467 1112 3528 valet,
1147 3473 1207 3516 nt
1243 3481 1342 3516 uon
1380 3468 1448 3517 sit
1478 3467 1691 3521 factum.

624 3541 742 3590 Lib.
761 3555 837 3591 tv.
871 3543 1132 3592 ‘Remissa
1170 3543 1424 3593 AEdilibus
1459 3545 1578 3595 talis
1602 3560 1689 3596 cu-

628 3615 723 3666 ra?
792 3615 908 3666 Lib.
957 3629 1037 3665 ιι.
1082 3619 1459 3670 ‘Hortantibns
1501 3621 1689 3672 dehinc

626 3689 856 3741 inediam
893 3698 948 3740 et
989 3694 1157 3742 levem
1181 3695 1394 3757 exitum,
1422 3699 1689 3746 remittere

626 3765 942 3819 beneficium
987 3769 1251 3819 Asiaticus
1307 3771 1415 3820 ait-⁹
1501 3773 1690 3822 Scribo

627 3855 773 3909 ergo,
790 3843 1011 3906 permisit
1036 3846 1218 3894 Coesar.
1265 3846 1363 3894 Sed
1389 3861 1502 3895 eam
1523 3847 1691 3910 ipsam

627 3917 1014 3984 permissionem
1061 3927 1386 3983 arrogantem
1425 3933 1537 3970 esse
1579 3923 1692 3972 vnit

625 3993 876 4046 Tacitus:
900 3995 1017 4060 quia
1039 4008 1135 4058 per
1160 3995 1388 4058 speciem
1407 3996 1692 4059 modestioe,

627 4077 687 4120 et
709 4069 854 4136 qnasi
877 4085 1104 4134 pugnare
1149 4083 1264 4120 cum
1295 4071 1487 4121 Senatu
1510 4074 1692 4136 nollet,

625 4145 811 4196 habuit
861 4147 1224 4210 amplissimum
1274 4145 1506 4197 ordinem
1555 4149 1691 4200 inter

628 4222 960 4286 vespillones.
1037 4221 1212 4272 Simile
1237 4222 1384 4282 ,illud
1427 4225 1465 4273 1.
1502 4239 1579 4274 vr.
1624 4224 1691 4276 de

628 4293 814 4349 Asinio
845 4296 1030 4352 Gallos
1061 4296 1479 4366 {cumulusque
1515 4299 1693 4366 Cesar

1305 428 1524 481 1⁴6¹?AE
1570 430 1974 481 vammum
2026 431 2105 480 IN

1746 586 1813 622 an
1835 571 2045 636 sepeliri
2070 571 2283 636 sineret,
2304 584 2407 623 non
2444 570 2655 623 erubuit
2683 580 2809 638 per-⁴

1748 646 1991 697 mittere!
2023 647 2232 710 Lipsius.

1811 724 1939 772 AM.
1973 724 2059 771 De
2079 722 2403 771 correctione
2425 736 2559 771 nunc
2582 724 2809 787 ambigo,

1748 800 1869 865 quia
1911 800 2089 849 docuit
2127 814 2209 849 me
2250 800 2330 847 vir
2369 801 2455 849 ilie
2490 802 2578 863 qui
2614 814 2810 864 omnes,

1749 876 2043 942 (Cujacium
2099 877 2233 939 dico,
2268 892 2420 942 quem
2476 891 2627 926 nemo
2682 878 2809 929 satis

1750 968 1989 1018 nmquam
2014 954 2225 1003 miratus
2248 960 2331 1001 est
2361 954 2451 1017 qui
2483 954 2655 1017 cepit)
2674 968 2811 1005 eam·

1752 1029 1869 1078 dem
1917 1030 2017 1077 vim
2060 1029 2231 1077 inesse
2272 1029 2433 1078 verbo
2478 1030 2813 1079 Remittendi.

1752 1106 2005 1167 Exempla
2050 1104 2189 1167 apud
2238 1105 2403 1168 ipsum
2446 1105 2498 1153 in
2540 1105 2811 1168 postremis

1752 1179 2234 1229 Observatiombns.
2301 1182 2372 1229 Et
2392 1182 2584 1229 sanein
2612 1181 2815 1232 Irenoeo

1750 1256 1906 1307 etiam
1931 1256 2030 1319 legi
2048 1273 2060 1303 :
2094 1256 2112 1284 ‘
2126 1256 2402 1306 Remittite
2415 1264 2644 1306 mortuos
2662 1272 2811 1321 sepe-

1752 1333 1847 1382 lire
1870 1341 2102 1381 mortuos
2124 1332 2280 1380 suos!
2314 1332 2519 1395 Lipsius.

1819 1408 1969 1456 Cruda·
1991 1409 2143 1457 adhuc
2162 1407 2370 1469 servitii]
2437 1409 2569 1457 Cum
2592 1409 2813 1473 populns

1754 1485 2011 1532 Romanus
2031 1482 2354 1544 servitutem,
2378 1486 2428 1531 in
2464 1498 2616 1548 quam
2640 1486 2813 1547 paullo

1754 1567 1877 1609 ante
1914 1560 2159 1609 redactus
2196 1558 2389 1621 fuerat,
2420 1561 2644 1609 nondum
2682 1562 2814 1610 bene

1755 1637 2095 1699 concoxisset,
2115 1650 2283 1700 neque
2308 1636 2372 1685 ad
2406 1652 2518 1686 eam
2543 1638 2819 1687 occalluis-

1756 1720 1852 1763 set.
1890 1714 2128 1761 Muretus.

1820 1788 1987 1837 Senem
2036 1787 2323 1851 principem]

1757 1864 1994 1912 Muretus.

1821 1940 1993 2001 Longa
2007 1936 2246 2003 potentia]
2298 1937 2563 1988 Annorum
2584 1944 2667 1989 56.
2700 1940 2817 1989 Mn-

1754 2019 1899 2063 retus.

1822 2090 1955 2141 CM».
1978 2095 2027 2140 9.
2078 2090 2325 2153 Plerisque
2358 2106 2479 2140 roua
2510 2090 2815 2156 mirantibus]

1756 2168 1953 2217 Merito
1981 2167 2308 2216 admirationi
2331 2174 2451 2216 sunt
2473 2182 2554 2229 ea,
2574 2182 2693 2231 qnae
2728 2176 2819 2218 aut

1758 2241 1895 2292 facta
1925 2258 2027 2292 non
2046 2250 2185 2305 snut,
2207 2258 2324 2291 cum
2356 2258 2509 2293 causa
2532 2250 2690 2307 esset,
2722 2258 2819 2292 our

1758 2319 2033 2369 verisimile
2054 2327 2195 2368 esset
2214 2318 2407 2369 factum
2432 2320 2525 2381 iri;
2568 2326 2657 2368 aut
2678 2318 2820 2370 facta

1759 2403 1897 2460 sunt,
1917 2411 2035 2445 cum
2069 2410 2225 2445 causa
2249 2402 2404 2458 esset,
2435 2410 2529 2444 cnr
2558 2394 2675 2443 fieri
2712 2410 2817 2445 non

1756 2480 2044 2538 oporteret.
2096 2474 2447 2538 Utrorurnque
2470 2474 2608 2522 enim
2625 2480 2683 2523 et
2702 2489 2819 2526 cau·

1757 2563 1818 2598 sa
1855 2549 2025 2614 aliqua
2061 2555 2164 2609 est,
2188 2555 2245 2599 et
2286 2550 2568 2612 ignoratur.
2635 2552 2819 2604 Caussa

1758 2631 1933 2673 antem
1968 2624 2219 2686 ignoratio
2246 2623 2632 2674 admirationem
2667 2626 2821 2688 parit·

1761 2699 1838 2749 At
1878 2697 2061 2764 vulgus
2101 2714 2167 2748 ea
2206 2713 2407 2763 quoque
2444 2701 2678 2764 miratur,
2699 2715 2821 2765 qno·

1762 2790 1875 2825 rum
1900 2791 2059 2826 cansa
2096 2777 2149 2824 ln
2194 2783 2437 2840 promptu
2471 2785 2567 2827 est.
2636 2778 2823 2828 Qualia

1762 2858 1897 2916 suut,
1932 2867 2046 2917 quae
2086 2851 2167 2901 hic
2206 2859 2573 2903 commemorat
2586 2855 2821 2906 «iracitur.

1762 2929 1999 2978 Muretus.
2603 2919 2609 2922 ’

1831 3007 1968 3061 Quod
1988 3007 2114 3056 idem
2132 3007 2253 3070 dies]
2319 3007 2437 3057 Erit
2469 3006 2706 3070 fortasse,
2734 3007 2822 3072 qni

1762 3083 1845 3133 bic
1891 3083 2173 3146 adhereat,
2218 3083 2301 3133 cui
2356 3083 2664 3146 adjutorium
2706 3097 2821 3146 ego.

1762 3159 1982 3223 Triplex
2004 3160 2137 3210 enim
2159 3161 2296 3210 ratio
2333 3160 2633 3209 numerandi
2664 3159 2825 3223 impe-

1762 3236 1826 3286 rii
1866 3236 2153 3299 Augustaei.
2222 3235 2346 3294 Alii,
2383 3237 2711 3302 plurimique,
2756 3237 2821 3286 ab

1762 3313 1983 3362 Actiaca
2021 3325 2195 3375 pugna
2228 3319 2518 3374 numerant,
2536 3327 2652 3362 cum
2675 3312 2815 3362 victo

1765 3390 1994 3440 Antonio
2010 3399 2193 3454 potens
2209 3390 2309 3439 fuit
2328 3392 2531 3454 imperii
2548 3392 2703 3441 solus.
2726 3393 2817 3442 'Ea

1762 3481 1939 3531 pugna
1982 3475 2213 3531 pugnata
2257 3480 2334 3515 lv.
2372 3468 2548 3517 Nonas
2579 3469 2816 3528 Septem·

1763 3541 1897 3592 brea.
1932 3542 2154 3595 Quidam
2177 3557 2209 3591 a
2225 3549 2374 3591 sexto
2396 3541 2509 3604 ejus
2528 3541 2818 3605 consulatu,

1760 3615 1877 3671 cum
1898 3619 2169 3682 imperium
2186 3617 2258 3666 ini
2278 3632 2311 3665 a
2324 3615 2517 3664 Senatu
2536 3615 2819 3680 firmatum,

1763 3693 2042 3757 datumque
2080 3705 2365 3754 cognomen
2400 3689 2643 3754 Augusti,
2675 3695 2821 3755 quasi

1762 3768 1803 3816 is
1842 3766 2061 3830 legitimi
2096 3765 2417 3830 principatus
2460 3767 2652 3829 primus
2687 3765 2818 3820 dies.

1762 3843 1826 3892 Id
1850 3841 1950 3891 fuit
1989 3857 2089 3892 vu.
2130 3843 2243 3891 idus
2278 3842 2491 3892 Januar.
2558 3835 2733 3909 Affique
2752 3856 2819 3897 ea

1763 3921 1896 3969 ratio
1918 3919 2221 3969 numerandi
2244 3919 2519 3983 provinciis
2542 3919 2653 3972 fere
2676 3921 2821 3974 fami·

1764 3996 1919 4046 liaris.
1987 3995 2072 4044 Ita
2106 3995 2158 4043 in
2201 3994 2391 4058 lapide,
2415 3999 2502 4062 qui
2545 3998 2819 4048 Narbone:

2406 1786 2674 1838 Annorum
2729 1793 2813 1840 ⁷6.

1764 4084 1865 4120 vu.
1900 4083 2143 4123 QUOQUE·
2176 4083 2315 4122 mua.
2342 4085 2661 4123 ianuarum.
2686 4086 2821 4126 QUA-

1764 4161 1876 4198 mn.
1898 4161 2141 4198 mumma.
2158 4160 2463 4198 luminum.
2480 4163 2663 4202 oxma.
2682 4163 2817 4200 TER·

1766 4237 1981 4274 mun.
2002 4235 2346 4277 ausmcxrus.
2368 4237 2477 4274 m.
2500 4237 2713 4275 THURB.
2736 4238 2821 4274 vt·

1768 4313 1862 4354 no.
1903 4311 2259 4352 autemeam.
2338 4298 2556 4360 Orosius
2590 4292 2821 4372 pediam
