3175 4925
54 1035 67 1606 -““-“ν“--

52 1728 65 2983 Ἴ-Ἶ----------ν.ι-Ἷη-“----

894 391 1063 442 ιιΒ.-.
1082 391 1132 438 ι.
1178 389 1341 440 oar.
1382 371 1463 438 2.·

370 547 475 585 non
496 538 591 585 est.
649 532 785 584 Anu.
807 547 927 584 xrv.
960 535 975 562 ‘
1000 535 1199 598 Erepto
1228 547 1319 597 per
1341 547 1428 582 ve-

352 622 559 662 -neaum
580 616 749 672 patre,
770 618 824 660 et
838 612 1011 660 statim
1034 618 1218 674 postea
1232 608 1429 660 fratre.’

370 687 702 736 Britannicus
724 687 857 734 enirn
882 701 1013 735 anino
1038 685 1427 750 post,veneficio

371 762 603 812 sublatus
622 769 716 810 est.
781 762 837 812 si
859 764 971 812 haee
996 777 1109 812 mea
1131 762 1293 810 minus
1320 762 1427 823 pla·

372 845 515 901 cent,
536 854 627 888 sna
648 839 857 902 quisque
890 837 1121 900 proferat
1142 853 1155 886 :
1190 853 1303 900 qua·
1328 851 1427 899 ego

354 926 473 962 ·non
530 915 693 976 potui,
746 914 873 962 alius
918 912 1123 976 assequi
1174 912 1427 975 nequeat?

370 991 599 1042 Doctiss.
640 990 719 1038 vir
755 992 833 1038 his
876 1003 1053 1038 manus
1098 988 1345 1046 admovit,
1378 993 1427 1036 ee

368 1068 533 1116 statim
552 1069 736 1114 amissa.
784 1067 968 1115 Coortoe
984 1064 1325 1122 Sarmatarum,
1344 1065 1423 1124 ὅγε.

370 1147 428 1190 at
465 1142 507 1190 is
546 1141 845 1190 mendacem
902 1140 1135 1191 Tacitum
1181 1138 1328 1197 facit,
1372 1145 1427 1186 et

370 1216 601 1266 historia:
640 1217 793 1266 fidem
828 1216 1103 1266 convellit:
1148 1231 1265 1264 nam
1306 1215 1429 1264 Cor-

370 1292 538 1342 nelius
559 1292 659 1341 sibi
699 1293 945 1342 terminos
978 1291 1207 1354 historiae
1241 1291 1426 1351 finivit,

374 1383 489 1431 cap.
514 1374 559 1418 1.
628 1370 759 1419 Mitti
783 1371 959 1430 Galba,
980 1374 1063 1434 ᾄτ.
1129 1371 1245 1422 Quo
1274 1378 1428 1433 pacto

372 1442 531 1504 igitur
552 1443 649 1492 sihi
691 1451 975 1506 constaret,
995 1446 1039 1494 si
1069 1446 1119 1494 ei
1158 1445 1315 1496 verba
1346 1445 1429 1494 hic

373 1526 547 1570 essent
568 1519 633 1568 de
669 1520 955 1570 Britannia:
988 1521 1278 1582 amissione,
1314 1537 1425 1585 ‹111ae

372 1595 493 1642 vivo
516 1595 812 1645 Domitiano
830 1611 929 1644 non
952 1597 1181 1659 accidit?
1213 1597 1429 1645 historia

372 1684 499 1720 vero
538 1671 703 1735 (qnod
746 1672 927 1736 seiam)
971 1673 1097 1722 nihil
1148 1673 1213 1722 de
1253 1687 1317 1722 ea
1370 1687 1426 1721 re

372 1759 535 1809 usque
574 1747 641 1796 ad
680 1749 1031 1798 Hadrianum:
1068 1764 1165 1799 nec
1206 1756 1329 1799 tunc
1360 1749 1428 1814 (si

370 1836 471 1871 non
497 1822 681 1886 ignave
700 1839 805 1874 rem
830 1825 1119 1888 examines)
1138 1824 1211 1874 ibi
1231 1823 1425 1888 aliquid

368 1900 639 1948 amissum:
675 1901 867 1950 etenim
898 1901 1171 1950 Britannia
1200 1915 1299 1951 non
1322 1915 1427 1949 om·
1484 1937 1494 1946 .

372 1973 451 2026 nis
485 1990 517 2023 a
554 1977 793 2026 Romanis
840 1977 1107 2040 provincia
1148 1976 1290 2027 facta
1326 1975 1427 2026 fuit

372 2065 467 2101 nec
522 2053 705 2103 tiitimo
774 2053 861 2102 illo
916 2053 1173 2116 Agricola:
1227 2053 1426 2116 praelio.

368 2125 385 2152 ⁸
410 2126 458 2174 T
460 2127 721 2177 radiderat
776 2128 979 2177 interim
1019 2129 1261 2191 Agricola
1318 2143 1429 2178 suc-

371 2201 559 2250 cessori
604 2217 695 2253 suo
737 2204 1047 2266 provinciam
1084 2203 1311 2268 quietam
1352 2210 1432 2252 tn-

374 2281 583 2340 tamque
604 2276 637 2336 3’
672 2292 705 2324 a
744 2278 959 2340 quibus?
994 2279 1262 2342 areliquis
1286 2279 1432 2328 nimi-

376 2365 488 2400 rum
512 2353 795 2414 Britannis,
813 2354 899 2418 qni
924 2367 987 2402 ea
1008 2354 1277 2417 perterriti
1300 2354 1431 2404 occi·

376 2427 548 2491 dione,
566 2427 690 2478 satis
728 2427 1005 2493 habebant,
1042 2430 1085 2478 si
1121 2443 1153 2479 a
1190 2427 1429 2479 Romanis

373 2520 475 2555 non
512 2506 916 2555 lacesserentur:
956 2519 1054 2555 nec
1094 2506 1236 2568 prius
1269 2505 1433 2554 rebel-

375 2581 483 2633 lare
506 2588 624 2631 sunt
647 2582 777 2643 ausi,
808 2596 961 2645 quam
994 2582 1216 2644 undique
1250 2586 1431 2643 gentes

373 2658 734 2722 conspirarent
796 2657 1040 2705 adversus
1091 2656 1429 2705 Hadrianum.

370 2732 545 2795 Spart.
584 2733 637 2781 in
675 2720 1037 2783 Hadr.'‘Nam
1068 2730 1431 2781 deficientibus

368 2809 686 2869 nationibus,
701 2823 829 2873 quas
850 2809 1097 2871 Trajanus
1136 2806 1432 2869 subegerat,

370 2885 543 2933 Mauri
576 2885 919 2945 lacessebant,
953 2885 1207 2935 Sarmata*-
1240 2883 1431 2932 beilum

368 2958 677 3019 inferebant,
711 2959 949 3009 Britanni
990 2961 1156 3011 teneri
1194 2960 1291 3008 sub
1335 2959 1434 3007 Ro-

370 3048 525 3083 mana
560 3033 757 3083 ditione
802 3048 906 3083 non
945 3035 1223 3097 poterant.’
1290 3036 1361 3083 Et
1392 3034 1433 3082 is

370 3124 517 3159 snuro
572 3110 735 3158 solum
788 3108 963 3157 divisit
1010 3110 1347 3173 provinciales
1402 3124 1433 3157 a

373 3185 617 3235 Barbaris
638 3184 915 3233 Britannis.
948 3185 1227 3235 δῶκα-ἕω.
1265 3184 1433 3235 Recte

351 3259 583 3311 ,omnino
636 3260 838 3321 Lipsius
882 3259 1111 3321 pridem:
1180 3266 1228 3309 et
1269 3260 1435 3308 statim

376 3336 575 3385 omissa:
610 3338 779 3383 σοον-ἔω
800 3334 1146 3395 Samaritarum,
1167 3337 1249 3396 ⁸5⁶·
1298 3334 1433 3385 Quia

374 3420 546 3462 tamen
570 3412 623 3459 in
650 3412 855 3473 vulgata
874 3409 1101 3457 lectione
1123 3410 1281 3459 etiam
1304 3424 1431 3472 pra*-

372 3486 566 3551 positio
605 3487 677 3547 in,
717 3498 831 3548 qnae
875 3499 906 3531 a
948 3483 1121 3546 Lipsio
1162 3484 1431 3546 neglecta:

374 3562 525 3613 vaide
572 3560 732 3609 libeat
777 3574 893 3609 cum
952 3559 1160 3623 Mur-eto
1220 3558 1431 3619 addere,

372 3642 543 3687 coorta:
580 3636 629 3685 in
652 3651 732 3685 nos
753 3635 1077 3683 Sarmatarum
1098 3649 1153 3682 uc
1174 3632 1431 3683 Sacrorum

372 3718 553 3774 gnua.
606 3711 891 3761 Acidaiius.
969 3710 1131 3759 Recte
1174 3710 1358 3773 opinor
1400 3724 1431 3757 a

376 3788 555 3850 Lipsio
575 3786 919 3837 emendatum.
988 3786 1087 3833 Sed
1112 3786 1284 3847 arguit
1304 3785 1429 3833 Sali-

372 3860 821 3921 nerius‚'1*acitum
857 3862 955 3909 sibi
994 3862 1237 3911 terminos
1272 3862 1429 3911 histo-

372 3937 465 3985 ria
508 3936 790 3985 scribenda:
848 3938 1109 3998 statuisse,
1155 3953 1317 4000 usque
1362 3938 1429 3986 ad

372 4011 657 4063 Domitiani
714 4020 978 4075 tempora:
1042 4022 1097 4061 at
1162 4014 1430 4061 Britannia

372 4087 561 4139 amissa
610 4085 730 4147 fuit,
790 4088 1050 4137 Hadriano
1112 4090 1427 4151 imperante:

374 4177 499 4227 ergo
532 4162 670 4212 iliius
698 4163 899 4213 amissio
929 4168 1201 4228 complecti
1220 4166 1312 4215 hac
1333 4166 1431 4233 iiis·

374 4240 511 4296 toria
530 4252 633 4291 non
655 4244 844 4307 potest.
877 4238 1031 4301 Nego
1054 4241 1273 4303 primum
1299 4240 1431 4290 adeo

2381 371 2558 444 412⁶

1498 389 2049 440 ms'romanusr.

1488 538 1700 582 ’certum
1725 548 1754 580 a
1775 533 1956 581 Tacito
1975 533 2244 584 terminum
2263 534 2360 585 sihi
2385 533 2556 598 prefl-

1504 610 1686 664 nitum,
1701 614 1760 654 ut
1781 607 1936 655 etiam
1958 607 2170 654 ulterius
2195 609 2434 671 progredi
2453 623 2558 660 nun

1502 683 1780 744 cogitaret.
1803 683 1842 730 si
1867 683 1972 730 vita
1990 691 2322 744 suppeteret:
2361 699 2478 734 narn
2499 689 2560 734 ut

1504 761 1658 822 paulo
1683 772 1839 822 snpra
1871 757 2024 815 dixit,
2057 757 2322 820 imperinm
2370 760 2558 810 Nervoe

1503 841 1559 882 et
1595 833 1804 896 Trajani
1849 846 1956 881 sua:
2005 834 2258 881 senectuti
2313 837 2558 896 seposuit.

1504 909 1728 970 Deinde,
1744 925 1859 958 cum
1884 909 2174 974 praecipuas
2195 909 2338 956 Rom.
2359 910 2558 972 imperii

1500 984 1822 1034 calamitates
1859 985 2000 1032 velut
2036 984 2332 1047 prooemiuin
2368 983 2558 1035 futura

1500 1061 1732 1110 historia:
1754 1070 2029 1124 proponat,
2052 1075 2151 1110 non
2182 1066 2297 1110 erat
2331 1062 2472 1110 locus
2491 1061 2560 1111 de

1504 1138 1774 1187 Britannia
1795 1138 2080 1201 perdomita
2102 1137 2325 1198 dicendi,
2359 1138 2456 1186 nisi
2489 1137 2562 1186 di·

1503 1223 1712 1264 ceretur
1751 1215 1906 1264 etiam
1947 1214 2012 1264 de
2055 1215 2258 1264 amissa.
2329 1215 2560 1266 Prema.

1504 1289 1662 1338 Forte
1683 1302 1784 1338 non
1801 1288 1992 1340 frustra
2016 1299 2096 1340 est
2113 1290 2246 1355 quod
2267 1292 2328 1338 de
2353 1290 2562 1342 Rhoxo-

1504 1367 1634 1414 lanis
1659 1367 1897 1420 intes-unt
1930 1373 2136 1417 veteres
2165 1369 2451 1427 editiones;
2485 1383 2562 1418 co-

1502 1441 1636 1490 horte
1663 1442 1926 1490 Roxolam
1941 1443 2297 1495 Sarmatarum.-
2330 1460 2394 1494 εει
2423 1445 2560 1494 enim

1506 1517 1792 1566 Sarmatica
1821 1533 1944 1578 gens
1982 1519 2228 1568 Romanis
2262 1519 2452 1580 bellurn
2484 1517 2560 1571 fe-

1504 1592 1600 1652 cit,
1621 1593 1718 1640 hoc
1742 1593 1832 1642 lib.
1855 1607 1902 1642 c.
1925 1598 2006 1642 79.
2075 1594 2364 1644 Fuit-sltem.

1572 1668 1796 1716 Cladibus
1847 1670 2026 1718 mutuis
2077 1671 2258 1732 Dacus]
2301 1671 2331 1700 θ
2371 1672 2558 1735 Tyrius

1504 1743 1796 1794 Maximus:
1828 1743 1968 1806 'opor
1995 1745 2323 1796 Καππαδόκαις
2342 1748 2420 1796 καὶ
2441 1748 2564 1810 θεὸς,

1502 1816 1581 1876 καὶ
1601 1817 1750 1880 ὅρκος,
1763 1820 1842 1868 neni
1861 1820 2074 1892 ἄγαλμρ.
2141 1823 2347 1885 Lipsius.

1570 1893 1700 1942 Fulst'
1725 1895 1928 1944 Neronis
1961 1898 2186 1960 ludibrio]
2220 1899 2326 1948 Dat
2349 1905 2403 1949 et
2425 1900 2559 1950 acci·

1502 1969 1583 2032 pit
1605 1968 1772 2018 lucem
1793 1971 2090 2032 Suetonius,
2111 1975 2161 2023 in
2197 1982 2430 2026 extremo
2453 1977 2558 2028 Ne-

1503 2057 1662 2093 rone:
1704 2049 1718 2073 ‘
1746 2045 1986 2109 Denique
2027 2063 2140 2097 cum
2175 2057 2292 2113 post
2333 2064 2430 2100 xx.
2470 2067 2558 2102 an-

1502 2134 1613 2182 nos,
1641 2121 1968 2172 adolescente
2001 2140 2102 2186 me,
2125 2128 2422 2178 exstitisset
2447 2129 2559 2193 qui-

1504 2194 1622 2242 dam
1643 2195 1956 2245 conditionis
1991 2199 2219 2261 incertae,
2241 2202 2327 2265 qui
2359 2219 2415 2252 se
2451 2205 2556 2254 Ne-

1505 2282 1682 2318 ronem
1713 2284 1826 2318 esse
1866 2271 2082 2334 diceret,
2133 2281 2237 2324 tam
2272 2275 2558 2329 favorabile

1502 2356 1690 2392 nornen
1735 2346 1848 2406 ejus
1893 2348 2030 2410 apud
2083 2348 2295 2398 Parthos
2340 2349 2458 2412 fuit,
2501 2359 2560 2402 ut

1506 2418 1838 2469 vehementer
1875 2422 2080 2483 adjutus
2115 2430 2170 2473 et
2204 2425 2290 2473 vix
2327 2425 2560 2476 redditus

1504 2497 1608 2547 sit!
1694 2500 1822 2547 Post
1865 2499 2044 2561 viginti
2089 2514 2264 2563 annos,
2303 2502 2490 2566 inquit,
2527 2516 2560 2552 a

1506 2580 1670 2621 morte
1711 2574 1963 2623 Neronis:
2023 2590 2147 2638 ergo
2181 2577 2234 2625 in
2279 2590 2392 2627 xxv.
2437 2593 2560 2628 con·

1504 2650 1676 2699 sulatu
1720 2650 2008 2699 Domitiani
2053 2652 2134 2701 hic
2172 2658 2358 2703 motus.
2442 2654 2559 2717 Lip-

1498 2738 1616 2773 stas.

1570 2800 1775 2851 Hanstoe
1796 2808 1879 2853 aut
1900 2804 2078 2855 obruto
2099 2805 2250 2855 urbes.
2293 2806 2560 2857 Foecuadt's-

1502 2876 1648 2938 ss'ma]
1691 2879 1877 2929 Verius
1901 2880 2214 2944 distinxeris,
2251 2882 2454 2933 Ham
2474 2887 2560 2933 aut

1503 2950 1604 2999 σὺν.
1627 2952 1762 3001 urbes
1770 2952 2124 3012 secundissima
2147 2958 2417 3021 Campania
2445 2975 2528 3009 ora
2543 2976 2560 3007 :

1504 3029 1553 3073 et
1572 3025 1684 3073 urbs
1703 3026 1796 3075 inc.
1819 3035 2020 3077 vastata.
2091 3032 2250 3081 idem.

1577 3100 1727 3148 Urbes
1746 3100 2098 3159 fecundissime.
2144 3107 2414 3169 Campania
2449 3124 2560 3159 ονε.

1512 3173 1657 3236 Urbs]
1689 3175 1774 3223 lta
1794 3174 1905 3223 fere
1942 3178 2142 3240 Lipsius
2177 3180 2433 3243 distinxit,
2461 3184 2558 3231 his-

1506 3251 1654 3299 toriae
1689 3250 1844 3299 fidem
1877 3262 2109 3302 secutus:
2145 3256 2244 3304 nisi
2271 3258 2408 3319 quod
2442 3258 2559 3320 ipse

1503 3329 1732 3389 scripsit,
1753 3327 2092 3386 fecundissima
2138 3332 2409 3394 Campania·
2448 3348 2560 3381 ora:

1505 3412 1553 3455 et
1586 3407 1714 3455 urbs.
1783 3406 1858 3455 A:
1901 3407 2023 3455 mihi
2053 3408 2222 3471 aptior
2258 3410 2366 3459 visa
2401 3411 2560 3461 lectio

1505 3495 1658 3545 quam
1681 3481 1902 3543 reposui,
1921 3480 2094 3531 deleta
2117 3486 2318 3546 copula,
2339 3491 2402 3546 et,
2423 3484 2560 3536 forte

1487 3564 1712 3619 ,sumpta
1749 3572 1814 3605 ex
1852 3558 2178 3607 antecedenti
2222 3561 2558 3626 diphthongo.

1503 3633 1694 3695 Inepte
1745 3641 1918 3695 antea,
1973 3634 2123 3683 arbes.
2213 3636 2561 3697 fecundissima

1507 3712 1780 3773 Campania
1821 3725 1920 3774 ora,
1960 3717 2008 3759 et
2045 3712 2156 3761 urbs
2192 3713 2437 3778 incendiis,
2475 3716 2559 3776 «⁹50.

1504 3785 1751 3835 Pichena.

1567 3864 1772 3913 Pouutoe
1787 3864 2090 3929 cerimoniae]
2113 3866 2395 3915 Vestalium
2419 3879 2559 3917 nem·

1504 3956 1569 4004 pe
1593 3941 1831 3991 incestis:
1866 3956 1982 4004 qnae
2021 3942 2276 4003 protraxit
2310 3941 2558 3991 Domitia-

1502 4030 1596 4065 nus
1619 4017 1816 4079 pariter
1847 4023 1901 4065 et
1933 4016 2114 4080 puniit.
2179 4016 2382 4067 Praeter
2404 4018 2559 4069 histo·

1502 4092 1658 4153 ricos,
1694 4091 1942 4155 Papinius
1971 4092 2174 4141 aiinsit:
2208 4094 2298 4156 qui
2322 4108 2560 4157 prospec-

1503 4172 1704 4215 tantem
1727 4167 2078 4217 Domitianum
2101 4164 2247 4230 facit,
2269 4170 2286 4195 ‘
2309 4182 2376 4217 an
2397 4170 2560 4221 tacita

1504 4242 1685 4307 vigilet
1707 4243 1824 4293 face
1856 4244 2068 4295 Troicus
2103 4243 2251 4311 ignis,
2269 4244 2444 4312 Atque
2467 4262 2556 4305 ex,-
