3175 4925
576 335 750 418 senez

575 513 827 574 tinentur,
861 516 921 561 ut
941 509 1016 560 ait
1037 511 1098 560 L.
1153 509 1228 558 Ut
1259 507 1544 571 Alphenus.
1567 507 1634 555 de

577 587 726 637 verb.
764 586 936 651 signif.
981 587 1047 637 D.
1084 586 1284 634 Plinius
1315 599 1519 649 quoqne
1559 585 1635 632 ita

579 663 908 726 accipiendus
945 670 1027 711 est
1067 662 1096 710 Ι.
1118 676 1168 709 v.
1190 665 1271 710 21.
1304 662 1320 687 ‘
1352 658 1636 709 Antiochia

579 738 762 803 libera,
851 739 1152 801 Epidapline
1241 734 1635 798 cognominata!

580 817 731 868 Quod
775 817 957 865 scribit
1003 815 1068 863 ad
1120 812 1464 863 differentiam
1518 811 1634 875 ejus

581 891 890 950 Antiochiae,
929 907 1042 957 quae
1079 890 1133 938 in
1167 888 1548 951 Mesopotamia
1580 893 1637 934 et

584 968 782 1018 Cilicia.
847 967 1090 1017 Aurelius.

647 1045 928 1092 censeretur
987 1039 1194 1103 clypeus]
1233 1037 1264 1066 ⁸
1309 1037 1481 1086 vultus
1527 1035 1637 1100 ejus

483 1164 494 1174 ,
585 1119 753 1182 imago
769 1117 802 1167 :'
834 1126 889 1166 et
929 1117 1092 1165 infra:
1143 1119 1158 1144 ⁸
1197 1116 1346 1177 Rogo
1390 1122 1639 1178 qnantum

581 1195 808 1258 pretium
830 1201 912 1242 est
935 1193 1162 1256 Clypeus
1185 1193 1236 1240 in
1271 1191 1441 1241 curia?
1475 1198 1637 1241 tantm

581 1271 830 1330 victori-«1⁸,
855 1276 1062 1332 quantae
1097 1283 1198 1316 uua
1236 1281 1395 1316 aurea
1431 1267 1640 1316 statua.'

591 1344 885 1393 Ver-tranium.
954 1346 1038 1392 De
1078 1344 1174 1391 hac
1199 1343 1385 1405 ·clypei
1415 1340 1643 1404 ponendi

583 1421 978 1481 consuetudine,
1034 1427 1089 1469 et
1154 1419 1356 1484 quando
1419 1419 1639 1483 primum

585 1497 772 1560 Clypei
833 1496 1104 1559 imaginum
1155 1495 1380 1558 publice,
1435 1494 1641 1558 qnando

583 1573 633 1621 in
660 1573 893 1622 domibus
924 1573 1099 1634 positi,
1133 1571 1359 1635 itemque
1386 1569 1450 1618 de
1491 1570 1640 1617 aereis

588 1649 794 1712 Clypeis
842 1661 958 1695 cum
1005 1647 1265 1708 argenteis
1313 1645 1643 1706 imaginibus,

583 1722 836 1771 videndus
862 1721 1002 1768 Plin.
1033 1733 1208 1770 xxxv·
1243 1725 1290 1769 2.
1315 1725 1370 1767 et
1391 1724 1439 1768 3.
1505 1718 1642 1767 Addi

587 1803 760 1860 potest
807 1797 951 1844 locus
1010 1809 1075 1844 ex
1121 1795 1352 1844 oratione
1395 1807 1500 1844 xn.
1537 1795 1645 1843 Ha·

589 1873 755 1920 ‹iriani
797 1871 932 1933 lmp.
975 1885 1128 1934 quem
1174 1871 1338 1919 refert
1383 1871 1644 1919 Charisius

585 1949 622 1995 1.
648 1960 726 1994 xi.
782 1949 798 1974 ‘
822 1946 1024 2008 Divus,'
1059 1947 1246 2010 inquit,
1298 1947 1314 1973 ‘
1349 1945 1644 1995 Hadrianus

587 2023 876 2071 orationum
900 2035 1005 2070 κη.
1063 2023 1107 2070 Λ
1133 2022 1292 2083 vobis,
1321 2022 1386 2070 P.
1411 2022 1472 2070 C.
1503 2029 1647 2085 peto,

588 2103 643 2146 et
673 2098 1010 2160 impetratum
1043 2097 1353 2146 validissime
1385 2097 1559 2159 cupio,
1587 2101 1648 2144 ut

589 2173 824 2235 proxime
877 2173 1150 2235 imaginem
1200 2173 1423 2235 Augusti
1468 2185 1649 2234 argen-

593 2257 731 2298 teum
756 2249 925 2312 potius
949 2249 1198 2312 Clypeum
1241 2249 1375 2298 sicut
1411 2246 1649 2311 Augusto

589 2325 828 2389 ponatis,’
873 2329 970 2374 &c.
1053 2324 1228 2389 Atque
1287 2324 1372 2373 hie
1429 2325 1538 2387 ipse
1583 2337 1651 2372 ex

590 2409 803 2467 argento
829 2401 1053 2465 Clypeus
1095 2403 1324 2466 signatus
1356 2408 1436 2449 est
1469 2401 1520 2449 in
1541 2400 1653 2464 pln-

593 2479 735 2527 ribus
762 2477 980 2540 Augusti
1015 2478 1236 2527 denariis
1275 2494 1389 2528 cum
1435 2478 1651 2539 inscrip-

593 2554 754 2615 tione,
791 2553 920 2601 Cmr.
955 2555 1052 2602 boc
1089 2562 1185 2616 est,
1221 2556 1485 2610 cunm-s,
1523 2552 1654 2600 auti-

597 2644 700 2694 qua
741 2629 1018 2692 scriptura,
1081 2636 1138 2678 ut
1193 2630 1327 2678 Sulla
1371 2643 1462 2691 pro
1507 2628 1657 2691 Sylla,

592 2706 693 2755 nisi
735 2704 874 2754 forte
919 2706 1004 2767 sit,
1057 2707 1152 2755 Cr..
1199 2720 1250 2754 v.
1297 2719 1386 2769 pro
1428 2706 1657 2768 Clypeus

596 2781 822 2830 votivus.
857 2780 1128 2829 Praeterea
1147 2780 1406 2829 Pedianus
1429 2780 1480 2828 iu
1504 2782 1653 2831 Verr.

593 2857 630 2906 1.
649 2869 727 2905 ιι.
772 2856 976 2915 Fornix,
1011 2855 1191 2921 inquit,
1236 2855 1478 2905 Fabianus
1496 2870 1654 2916 arcus,

595 2935 677 2994 ξσ.
749 2929 924 2994 Atque
967 2931 1258 2995 hujusmodi
1293 2939 1442 2981 scuta
1485 2931 1538 2979 in
1577 2945 1655 2979 ar-

597 3014 788 3073 genteo
821 3007 1032 3059 denario
1079 3010 1152 3059 M.
1186 3010 1372 3072 Lepidi
1411 3010 1657 3059 columnis

597 3088 841 3139 Basilicae
897 3088 1114 3137 AEmilioe
1171 3087 1325 3138 affixa
1398 3089 1658 3153 videntur.

595 3164 873 3213 Suetonius
910 3164 964 3211 in
1009 3164 1156 3224 Caio,
1199 3169 1278 3216 16.
1321 3165 1336 3192 ‘
1373 3166 1510 3215 inter
1541 3167 1659 3215 reli-

598 3253 724 3305 quos
778 3238 995 3288 bonores
1033 3239 1276 3289 decretus
1322 3247 1401 3289 est
1433 3242 1657 3305 Clypens

597 3330 804 3378 aureus,
848 3330 1000 3380 quem
1053 3318 1326 3380 quotannis
1377 3324 1524 3365 certo
1569 3317 1656 3366 die

595 3392 816 3455 collegia
857 3391 1184 3441 sacerdotum
1247 3394 1298 3441 in
1343 3393 1654 3456 Capitolium

598 3467 830 3518 ferrent)
893 3468 1190 3518 Trebellius
1227 3468 1397 3519 Pollio
1431 3470 1480 3517 in
1506 3470 1657 3519 Clau·

598 3544 704 3605 dio,
741 3546 758 3573 ‘
801 3546 1051 3606 Claudio:
1120 3547 1304 3611 inquit,
1375 3546 1390 3573 ‘
1429 3546 1655 3610 Clypeus

601 3632 788 3669 aureus
811 3630 1019 3669 senatus
1044 3624 1198 3669 totius
1227 3623 1426 3685 judicio
1461 3624 1512 3671 in
1549 3623 1656 3673 Ro-

597 3708 751 3744 mana
781 3696 926 3743 curia
958 3696 1240 3746 collocatus
1266 3698 1381 3761 est,'
1414 3702 1512 3748 διο.
1571 3700 1659 3747 De

599 3770 802 3835 clypeo
825 3771 1078 3833 Scipionis
1115 3787 1230 3821 cum
1255 3774 1474 3838 imagine
1497 3774 1659 3835 patris

599 3853 656 3896 et
695 3846 868 3909 patrui
913 3845 1166 3894 videndus
1221 3846 1372 3895 Silius
1421 3848 1659 3909 Italicus,

595 3924 635 3976 1.
673 3930 723 3975 7.
796 3925 1013 3975 Ursinus.
1105 3924 1328 3987 Egregia
1381 3925 1537 3973 multu
1591 3926 1657 3974 de

597 4002 796 4065 clypeis
831 4002 942 4049 istis
969 4001 1183 4051 Ursinus
1206 4010 1256 4048 et
1296 4001 1514 4063 Lipsius,
1537 4016 1659 4063 quo·

599 4078 1108 4136 rummonnmentis,
1153 4076 1310 4124 adzlat
1356 4075 1480 4123 licet
1528 4077 1658 4124 anti·

601 4151 796 4215 quarite
873 4152 950 4200 rei
1025 4157 1194 4213 mysta
1265 4152 1657 4214 inscriptionem

601 4238 754 4275 unam
773 4228 1112 4292 alteramque,
1147 4240 1363 4293 quarum
1394 4229 1504 4278 inec
1525 4242 1662 4279 com.

1208 331 1232 355 ‘
1275 361 1491 414 »ποτε
1543 363 1947 413 unionum
1994 363 2073 411 ni

1708 509 1864 569 paret
1888 507 1939 553 in
1964 504 2135 568 operis
2156 501 2349 567 integri
2376 515 2491 568 pag.
2513 507 2626 554 ⁴9⁶.
2644 487 2702 568 ἦ,
2719 505 2779 554 ³¹.

1710 581 1797 630 illa
1823 585 1934 642 172,
1957 585 2007 630 2.
2078 581 2329 630 Gruterus.
2766 587 2775 596 “

1776 659 1984 706 Carneum
2010 657 2285 706 Germanici
2305 657 2588 720 appellavit}
2650 659 2779 708 Mos

1708 734 1829 782 olim
1875 743 2136 797 receptus,
2190 735 2390 782 honoris
2430 747 2601 793 cansa,
2634 731 2777 783 bene

1710 812 2029 869 meritorum,
2072 811 2304 874 inprimis
2326 812 2647 875 Principum,
2686 827 2783 861 uo·

1713 887 1847 936 mina
1870 887 1932 935 iis
1954 887 2109 934 etiam
2144 887 2321 936 indere
2356 887 2529 949 rebus,
2558 901 2777 951 quarum

1713 961 2050 1026 frequentior,
2101 976 2163 1010 ac
2202 963 2253 1010 in
2301 964 2524 1026 cujusvis
2566 977 2672 1024 ore,
2714 969 2775 1012 et

1716 1047 2024 1103 perpetuum
2068 1038 2177 1086 fere
2218 1038 2283 1086 ob
2321 1053 2472 1087 nsum
2516 1045 2775 1101 perpetua

1714 1119 1907 1167 mentio
1946 1125 2044 1178 est,
2090 1124 2147 1164 ut
2187 1116 2405 1179 legibus,
2438 1115 2667 1176 urbibus,
2705 1115 2779 1162 le·

1714 1193 1965 1255 gionibus,
2000 1193 2198 1255 turmis,
2218 1196 2315 1240 dec.
2384 1193 2453 1240 Et
2494 1192 2648 1240 hodie
2688 1192 2782 1240 ob·

1713 1277 1967 1318 servatur.
2037 1267 2241 1316 Militiae
2282 1266 2565 1316 celebriora
2598 1279 2781 1329 opera,

1717 1345 1917 1394 bellicae
1950 1359 2127 1406 naves,
2160 1345 2360 1408 aliaque
2379 1343 2651 1406 ejusmodi,
2670 1349 2785 1392 tnn-

1715 1427 1883 1471 tornm
1908 1421 2167 1469 bominum
2201 1419 2490 1468 nominibus
2523 1417 2658 1481 apud
2684 1431 2781 1466 nos

1715 1496 1940 1558 aliosque
1974 1495 2335 1558 insigniuntur.
2390 1495 2710 1542 Bethor-rrius.
2774 1503 2781 1512 ·

1781 1573 1913 1620 CAP.
1926 1576 1987 1619 85
1996 1607 2007 1620 .
2022 1573 2163 1634 Apud
2174 1572 2359 1619 AEdiles
2370 1567 2669 1630 vulgat-erat]
2688 1569 2789 1617 Mi-

1715 1663 1810 1696 nus
1830 1661 2075 1711 expressa
2094 1646 2229 1709 apud
2246 1646 2371 1694 alios
2388 1645 2609 1708 vestigia
2624 1643 2783 1707 hujus

1715 1724 1869 1772 moris
1892 1741 1903 1771 :
1942 1738 2054 1786 quae
2078 1723 2161 1771 hic
2183 1722 2234 1770 in
2255 1723 2437 1770 Tacito
2461 1721 2616 1769 clara.
2632 1719 2665 1748 ⁵

1794 1800 1986 1848 Exacta
2037 1805 2085 1847 et
2127 1815 2157 1847 a
2208 1795 2409 1860 Titidio]
2478 1795 2785 1845 Vertrauius
2834 1787 2843 1794 ’

1716 1881 1959 1925 exactum:
1984 1875 2067 1924 cui
2088 1874 2336 1923 adsentio.
2393 1873 2599 1936 Lipsius.
2630 1871 2787 1920 'Faer-

1717 1967 1813 2000 nus
1872 1950 2097 2000 addebat
2150 1963 2347 2009 vocem,
2412 1949 2555 2011 ratio,
2615 1955 2671 1996 et
2713 1948 2787 1995 le-

1720 2027 1904 2090 gebat:
1944 2028 2133 2075 Exacta
2176 2031 2223 2074 et
2277 2039 2309 2073 a
2350 2025 2528 2073 Titidio
2572 2023 2787 2072 Labeone

1728 2104 1929 2153 Vistilia·
1962 2103 2135 2151 marito
2172 2102 2315 2162 ratio,
2352 2115 2454 2161 cur,
2492 2105 2575 2164 εἷο.-
2642 2097 2783 2148 Fieri

1721 2187 1893 2229 autem
1940 2179 2129 2242 potuit,
2172 2184 2230 2227 ut
2273 2176 2326 2224 id
2368 2177 2601 2232 verbum,
2645 2173 2785 2238 quod

1723 2255 1916 2303 duabus
1942 2263 2139 2303 tantum
2174 2254 2338 2302 literis
2372 2259 2603 2301 notatum
2630 2257 2793 2314 esset,

1722 2338 1776 2381 τῦ
1801 2331 1957 2380 facile
1984 2330 2223 2380 librarius
2248 2329 2495 2379 omiserit.
2538 2329 2756 2376 Ursfm.

1790 2408 2056 2470 Sexaginta
2110 2406 2234 2469 dies]
2334 2405 2461 2454 Dies
2516 2403 2789 2467 sexaginta

1726 2484 1831 2533 dati
1882 2486 1991 2545 lege
2035 2484 2195 2545 Julia,
2235 2498 2265 2530 a
2302 2482 2387 2530 die
2410 2482 2641 2541 divortii,
2680 2493 2790 2528 rna-

1727 2562 1825 2609 rito
1880 2559 1945 2607 ad
2002 2558 2363 2608 accusandum.
2458 2558 2665 2605 Clarum
2723 2570 2788 2604 cx

1728 2638 1763 2685 l.
1810 2650 1885 2683 xl.
1930 2648 2048 2684 xiv.
2088 2650 2175 2683 κν.
2250 2633 2333 2683 Ad
2380 2634 2547 2696 legem
2590 2632 2789 2682 Julian:

1730 2711 1793 2759 de
1819 2709 2121 2769 adulteriis;
2158 2724 2282 2773 quus
2304 2710 2441 2758 vide.
2494 2708 2701 2769 Lipsius.

1794 2788 1873 2835 De
1891 2786 2039 2833 sacris
2070 2784 2340 2849 AEgyptiis]
2406 2784 2467 2833 In
2492 2784 2630 2833 omni
2654 2784 2793 2846 Rep-

1731 2862 1863 2911 bene
1906 2862 2142 2911 instituta
2179 2876 2381 2925 semper
2400 2874 2597 2910 summo
2618 2860 2793 2909 studio

1728 2938 1990 3001 provisum
2034 2944 2133 3000 est,
2176 2952 2240 2986 ne
2283 2939 2420 2986 inter
2462 2938 2602 2985 cives
2647 2942 2791 2985 esset

1730 3013 1951 3061 varietas
2029 3012 2345 3075 religionum.
2445 3012 2633 3077 Itaque
2708 3027 2793 3060 sa·

1732 3088 1938 3151 pienter
1984 3088 2091 3136 Cic.
2139 3088 2191 3135 in
2224 3088 2427 3151 legibus
2473 3089 2569 3137 hoc
2614 3088 2791 3137 statim

1732 3180 1764 3211 a
1786 3164 2040 3229 principio
2058 3164 2261 3226 statuit,
2292 3166 2308 3191 ⁴
2334 3164 2613 3227 separatim
2637 3176 2793 3213 nemo

1732 3240 1960 3288 habessit
1983 3240 2148 3300 Deos,
2188 3253 2316 3288 neve
2356 3254 2535 3301 novos,
2577 3238 2666 3287 sed
2692 3252 2793 3287 nec

1733 3315 1979 3375 advenas,
2028 3314 2126 3361 nisi
2173 3315 2377 3378 publice
2422 3314 2665 3376 adscitos,
2706 3328 2797 3363 co·

1732 3388 1911 3438 lunto.'
1976 3389 2271 3438 Postumius
2312 3390 2489 3438 consul
2510 3388 2646 3452 apud
2672 3389 2797 3437 Liv-

1733 3477 1931 3513 xxxix.
1952 3468 2032 3514 16.
2075 3464 2285 3514 Servius
2306 3466 2355 3513 in
2380 3466 2414 3514 1.
2432 3479 2556 3515 vm.
2580 3480 2651 3515 vs.
2677 3469 2797 3514 lm.

1732 3542 1861 3590 Cum
1902 3541 2057 3605 igitur
2089 3542 2257 3603 multi,
2294 3548 2349 3590 et
2386 3542 2435 3590 in
2460 3542 2585 3591 urbe
2618 3547 2672 3590 et
2694 3554 2795 3603 per
2882 3542 2893 3549 '

1732 3620 1932 3669 Italiam
1958 3620 2210 3683 AEgyptiis
2244 3629 2300 3669 et
2337 3619 2567 3671 Judaicis
2602 3618 2792 3667 ritibus

1733 3695 1897 3745 dediti
1936 3706 2129 3757 essent,
2165 3712 2253 3745 eos
2288 3704 2495 3745 senatus
2522 3692 2793 3757 pellendos

1721 3770 1996 3835 judicavit.
2064 3771 2238 3837 Atque
2294 3772 2527 3835 AEgyptii
2581 3772 2793 3835 quidem

1733 3846 1953 3895 omnium
1978 3848 2271 3897 mortalium
2305 3847 2795 3910 superstitiosissimi

1733 3929 1899 3983 erant,
1952 3930 2010 3971 ut
2064 3938 2128 3971 ex
2186 3925 2473 3983 Herodoto,
2541 3926 2798 3986 Diodoro,

1736 4000 2037 4061 Plutarcho,
2067 4000 2306 4050 Juvenuli
2331 4005 2441 4050 Sat.
2461 4014 2552 4051 xv.
2576 4002 2795 4065 aliisque

1731 4076 1973 4137 cognosci
1998 4082 2185 4137 potest.
2236 4076 2388 4124 Multi
2415 4084 2590 4125 antem
2614 4076 2793 4124 Romm

1732 4152 1992 4214 AEgyptiis
2066 4150 2525 4213 superstitionibus
2607 4148 2797 4199 infecti

1732 4232 1917 4277 erantz
1993 4228 2337 4293 colebantque
2394 4227 2521 4291 Isin,
2564 4226 2798 4293 Anubin,
