3175 4925
627 412 804 488 386⁰

629 565 754 620 tstis
775 571 981 621 litorum
1003 571 1125 623 oris.
1191 573 1310 622 Non
1334 573 1484 622 aliter
1503 573 1687 637 Belgae

627 647 793 696 nostri
807 648 1118 712 loquuntur:
1157 649 1267 698 inde
1279 649 1422 711 wip'de
1435 650 1548 706 Zac,
1571 665 1688 698 cum

629 723 696 773 de
729 723 840 788 ipso
865 726 1009 788 quasi
1035 725 1323 774 meditullio
1345 727 1498 774 maris
1523 740 1689 774 sermo

629 808 724 849 est.
775 800 844 849 Et
858 801 958 850 hoc
983 800 1132 849 laium
1151 801 1363 860 dicitur,
1384 801 1689 866 longiusque

629 876 779 925 abest
801 877 1016 926 alitore.
1048 878 1216 925 Aleum
1236 891 1358 924 vero
1375 891 1517 925 mare
1531 878 1689 927 etiam

625 953 700 1002 ibi
721 967 829 1003 esse
853 960 1046 1017 potest,
1068 953 1156 1001 ubi
1185 953 1474 1016 proximum
1507 960 1590 1003 est
1610 955 1689 1004 lit-

625 1036 798 1078 torum
819 1031 938 1079 oris.
988 1029 1309 1078 Boxhornius.

691 1105 827 1156 Cst‘.
868 1111 951 1154 79.
1014 1105 1160 1153 Diem
1215 1105 1520 1169 praedixisse]
1605 1105 1688 1156 An

625 1183 796 1245 potius
818 1183 1104 1246 predixisset
1117 1180 1143 1231 ’.ἲ
1181 1181 1242 1232 Id
1267 1183 1406 1230 enim
1432 1182 1574 1232 verbi
1600 1195 1687 1246 po-

624 1261 726 1306 tius
769 1260 822 1308 in
866 1261 960 1308 bac
1005 1273 1060 1308 re
1103 1266 1425 1322 usurpatum.
1509 1259 1686 1310 Livius

621 1333 656 1380 l.
695 1347 782 1381 ιιι.
826 1338 841 1362 ⁴
867 1334 931 1382 In
978 1348 1236 1382 carcerem
1280 1340 1360 1381 est
1399 1334 1685 1396 conjectus,

621 1409 773 1471 eique
795 1407 1059 1457 Tribunus
1097 1409 1233 1457 diem
1270 1409 1536 1471 prodixit!
1605 1411 1685 1459 Ex

623 1483 806 1533 eodem
847 1491 904 1534 et
945 1485 1070 1533 item
1108 1485 1221 1532 aliis
1257 1485 1404 1547 plura
1443 1486 1687 1547 exempla

621 1559 713 1609 dat
731 1559 963 1623 Scaliger
983 1561 1036 1608 in
1061 1561 1286 1609 Festum.
1340 1563 1473 1610 Sane
1490 1567 1546 1609 et
1569 1561 1687 1610 Mu·

621 1642 719 1684 ret.
741 1636 817 1683 ita
839 1636 987 1698 legit.
1029 1635 1293 1685 Acidaliae.

685 1712 819 1760 cn».
843 1716 925 1760 80.
961 1711 1251 1772 Celenderis]
1293 1709 1380 1760 Sic
1404 1726 1523 1760 cum
1544 1720 1685 1762 esset

615 1787 671 1834 in
713 1787 952 1848 vulgatis,
997 1785 1198 1850 Lipsius
1258 1793 1499 1849 testatur,
1543 1789 1679 1851 apud

617 1863 902 1925 Josephum
937 1863 1057 1926 legi,
1091 1863 1360 1911 Celendris:
1407 1877 1558 1929 quam
1599 1879 1683 1914 vo-

619 1952 734 1987 cem
759 1939 964 2002 repperi
987 1940 1142 1987 etiam
1165 1941 1215 1986 in
1241 1939 1383 1989 Man.
1418 1940 1646 1990 Pit-liena.

689 2013 744 2062 In
795 2029 1038 2063 animm
1091 2014 1288 2074 leg-ionis
1340 2017 1680 2082 composuerat]

617 2091 804 2153 Recte,
824 2091 876 2137 in
905 2105 1168 2150 numerum,
1207 2105 1326 2139 nam
1365 2105 1535 2156 neque
1573 2096 1680 2142 ani-

615 2181 749 2226 mos,
782 2179 952 2230 neque
993 2167 1370 2229 experientiam
1403 2177 1680 2234 autumni,

615 2255 684 2290 ne
708 2255 850 2289 arma
871 2241 1080 2305 quidem
1103 2242 1500 2305 legionariorum
1521 2245 1679 2296 habe-

613 2318 760 2379 bant,
799 2317 1036 2381 adeoque
1087 2317 1210 2365 nihil
1267 2324 1464 2382 proeter
1499 2332 1677 2370 nume-

611 2407 743 2442 rum.
791 2392 1154 2444 Freinshemius.

677 2472 808 2520 Hinc
851 2472 1074 2534 militum,
1114 2473 1225 2521 inde
1264 2472 1490 2536 locorum]
1543 2472 1673 2539 Sup-

604 2546 724 2608 plet
759 2547 1028 2595 Muretus:
1063 2547 1172 2595 hinc
1208 2547 1412 2595 militum
1448 2549 1536 2610 vis,
1563 2550 1675 2599 inde

611 2622 811 2669 locorum
833 2621 1079 2683 asperitas.
1115 2622 1218 2669 Sed
1241 2636 1306 2670 ex
1329 2622 1536 2685 ingenio
1561 2629 1673 2673 tan-

609 2701 741 2743 tum.
779 2695 1006 2744 Piehena.
1063 2696 1176 2757 Ego
1193 2694 1374 2759 probo.
1407 2697 1674 2748 Acidalia.

610 2770 816 2818 Excusa
835 2770 967 2819 bene
990 2777 1126 2818 stat:
1151 2784 1269 2818 narn
1292 2772 1544 2833 asperitas
1567 2787 1672 2823 non

604 2854 811 2897 'tanturm
837 2848 955 2909 loci,
993 2847 1083 2896 sed
1114 2848 1305 2898 militis.
1359 2848 1446 2897 Sic
1482 2848 1670 2899 Horat.

606 2924 730 2973 Ode
745 2928 789 2973 1.
815 2926 830 2951 ‘
855 2936 1025 2972 acrem
1049 2924 1296 2973 militiam’
1320 2924 1470 2987 dixit,
1497 2926 1549 2974 id
1571 2932 1673 2989 est,

607 3014 873 3071 asperam:
905 3007 960 3048 et
981 2998 1122 3059 alibi,
1143 2998 1158 3025 ‘
1182 3013 1377 3061 gnavus
1402 3006 1458 3049 et
1479 3000 1671 3063 asper!

607 3076 679 3125 Et
715 3077 732 3103 ⁴
757 3075 1012 3124 saevitiam
1053 3074 1464 3136 Centurionum‚'
1496 3082 1671 3125 noster

602 3153 644 3202 l.
667 3166 705 3203 1.
745 3154 832 3215 qui
872 3152 1024 3215 rigidi
1063 3151 1290 3213 dicti,et
1321 3154 1510 3215 asperi.
1567 3155 1669 3203 Aa·

601 3228 762 3276 relisa.

601 3328 606 3335 ·
667 3306 800 3353 CAe.
825 3308 906 3353 Sl.
946 3303 1143 3353 Interim
1169 3301 1307 3365 Piso]
1343 3302 1524 3352 Pisoni
1545 3318 1665 3352 con·

598 3379 770 3429 silium
803 3379 937 3441 fuit,
971 3381 1125 3444 quale
1163 3378 1442 3428 Thracibus
1473 3393 1550 3430 ιν.
1580 3384 1665 3430 48.

599 3464 657 3505 et
681 3457 951 3506 Germanis
974 3457 1044 3505 H.
1070 3470 1123 3505 v.
1149 3458 1233 3503 21.
1267 3454 1632 3504 Freinshemius.

663 3532 821 3581 Semet
842 3532 1153 3595 adffietando]
1177 3532 1296 3582 Non
1315 3538 1400 3581 est
1415 3530 1663 3580 credibile

598 3604 840 3654 Pisonem
881 3608 1048 3655 virum
1085 3608 1374 3671 arrogantis
1408 3606 1582 3669 animi,
1608 3612 1663 3655 et

597 3680 780 3744 primm
807 3682 1089 3731 nobilitatis
1109 3690 1164 3732 et
1187 3698 1252 3731 ex
1276 3684 1442 3746 stirpe
1473 3684 1659 3731 Numae

597 3754 751 3818 regis,
797 3770 891 3804 ncc
951 3755 1170 3806 fortunae
1215 3758 1659 3816 succumbentem,

595 3838 761 3880 semet
807 3830 1102 3881 afflictasse.
1181 3834 1318 3893 Lego
1363 3835 1542 3897 igitur,
1597 3834 1660 3881 Et

589 3922 678 3969 pro
716 3908 864 3955 ntur-is
898 3909 1029 3955 modo
1065 3922 1149 3955 sua
1179 3914 1336 3957 castra
1373 3913 1575 3957 metatum
1594 3912 1658 3957 ad

593 3982 967 4047 conflictandum.
1003 3984 1261 4035 Aurelius.
1337 3986 1655 4048 Progressus

591 4066 746 4107 extra
783 4074 950 4109 muros
989 4061 1114 4109 nibil
1155 4062 1451 4123 omittebat,
1471 4062 1653 4126 quibus

593 4133 659 4182 ad
686 4135 1087 4184 misericordiam
1121 4134 1475 4199 flecterentur,
1503 4139 1652 4187 modo

591 4215 758 4257 ueniet
787 4209 952 4272 ipsum
987 4210 1250 4273 miserans,
1269 4226 1512 4277 suamque
1547 4228 1651 4263 sor-

591 4288 704 4333 tem
754 4282 1042 4347 deplorans.
1130 4286 1231 4335 Pro
1279 4288 1426 4336 muris
1479 4287 1651 4339 reddit

1321 431 1538 481 NOTAE
1583 431 1991 482 vARtottuu
2040 433 2119 482 {N

1766 574 1948 625 Germ.
1988 589 2147 639 supra
2200 589 2430 625 munim:
2485 573 2648 636 fals03
2700 572 2835 626 lieet

1766 652 2147 715 adstipulentur
2203 665 2399 714 omnes,
2448 660 2639 715 praeter
2708 651 2834 702 Gal.

1766 727 2134 778 Freinshemius.
2179 729 2347 776 Recte
2369 742 2485 777 rneo
2502 727 2702 791 judicio
2722 741 2831 776 om·

1764 815 1875 864 nes,
1896 803 2003 866 qui·
2015 819 2104 865 pro
2139 803 2307 864 muris,
2340 811 2401 852 nt
2429 819 2517 867 pro
2538 803 2722 866 rostris,
2738 819 2833 868 pro

1760 877 2011 940 tribunali,
2030 885 2373 943 acceperunt:
2402 894 2499 928 nec
2524 885 2699 942 potest
2718 881 2834 943 pla.-

1763 967 1887 1001 cere
1911 967 2189 1016 progressus
2222 959 2363 1004 extra
2394 969 2568 1004 muros.
2626 955 2833 1006 Quous-

1763 1042 1864 1091 que
1886 1029 2019 1077 enim
2046 1031 2291 1094 progredi
2328 1037 2444 1080 tuto
2475 1037 2701 1093 poterat,
2736 1031 2829 1096 qui

1761 1111 1915 1152 extra
1936 1117 2129 1164 munros,
2160 1121 2263 1169 qua
2296 1112 2443 1168 parte
2480 1106 2831 1155 incubuerant

1760 1177 2016 1239 Sentiani,
2052 1179 2179 1228 nihil
2216 1195 2434 1230 vacuum
2478 1188 2569 1230 aut
2602 1181 2828 1230 liberum

1760 1255 2025 1304 habebat?
2062 1257 2131 1305 Et
2155 1263 2348 1320 quanto
2371 1255 2687 1306 commodius
2708 1257 2827 1306 haec

1762 1329 1957 1378 invidia
1992 1331 2156 1380 fiebat
2198 1345 2264 1380 ex
2301 1333 2409 1381 alto
2453 1339 2509 1382 et
2552 1333 2659 1382 late
2706 1347 2831 1382 con-

1760 1412 1940 1468 specto
1984 1407 2136 1456 loco?
2194 1413 2493 1472 qtiautoque
2538 1407 2603 1456 ad
2646 1409 2827 1472 plures

1758 1483 2059 1545 pertinebat
2100 1491 2155 1533 et
2192 1484 2329 1534 visus
2364 1483 2682 1534 adflictantis
2708 1499 2826 1535 sese

1759 1564 1815 1606 et
1839 1573 1939 1607 vox
1972 1560 2233 1624 querentis
2258 1575 2319 1608 ac
2339 1561 2700 1610 sollicitantis?
2734 1561 2825 1610 Sic

1757 1635 1916 1698 igitur
1936 1637 2135 1699 accipe,
2148 1635 2394 1685 Pisonem
2411 1637 2557 1685 eirca
2576 1636 2629 1685 id
2650 1635 2823 1700 ipsum

1757 1711 1982 1774 tenipus,
2006 1725 2107 1776 quo
2132 1711 2504 1775 rejiciebantur
2526 1717 2583 1760 et
2602 1725 2657 1760 se
2681 1713 2827 1762 clan-

1757 1786 1953 1836 debant
1986 1789 2123 1837 intra
2158 1788 2477 1836 munimenta
2501 1787 2601 1850 sui,
2636 1787 2823 1837 eodem

1754 1875 1850 1924 per
1882 1877 2114 1912 aversam
2157 1869 2357 1926 portam
2396 1863 2609 1911 rediisse
2641 1877 2672 1910 a
2714 1869 2827 1912 teu-

1754 1943 1871 1986 tata
1902 1938 2067 1986 classe
2106 1945 2163 1987 et
2202 1939 2321 1985 dum
2360 1944 2550 2002 parant
2570 1938 2824 2002 sentiani,

1752 2027 1870 2076 quae
1918 2012 2265 2076 oppugnando
2302 2019 2478 2062 essent
2518 2013 2722 2076 idonea,
2764 2015 2823 2064 in

1755 2089 1960 2137 summis
2016 2090 2265 2138 moenibus
2320 2090 2453 2138 hanc
2512 2089 2819 2152 tragoediam

1754 2164 1989 2224 saltasse,
2034 2163 2197 2214 donec
2236 2164 2443 2212 Sentius
2485 2171 2669 2226 parata
2703 2163 2819 2230 jam

1750 2247 1901 2301 parte
1952 2240 2282 2288 instrumenti
2338 2253 2529 2289 canere
2573 2239 2719 2303 sigua
2762 2246 2822 2290 et

1752 2315 1855 2364 vim
1876 2313 1989 2364 fieri
2005 2315 2180 2378 jussit.
2250 2315 2534 2364 Gmnovius.

1816 2392 2055 2440 occanere
2100 2389 2296 2454 cmm]
2350 2391 2577 2440 occulte
2615 2405 2826 2455 surrep-

1748 2472 1859 2516 tum
1900 2467 2147 2517 Sallustio
2198 2474 2296 2529 est,
2342 2468 2359 2495 ‘
2382 2467 2547 2519 Jussu
2608 2469 2821 2521 Metelli

1748 2544 2043 2593 cornicines
2068 2542 2386 2592 occarmere!
2437 2544 2643 2607 Lipsius.

1812 2620 1947 2668 Cu».
1970 2623 2050 2669 82.
2090 2620 2258 2684 Dolor,
2278 2620 2373 2681 ira,
2412 2626 2461 2669 et
2491 2622 2821 2689 mnnpebane]

1747 2694 1777 2723 ⁶
1800 2702 2034 2759 questus.
2090 2696 2323 2744 Eundem
2362 2695 2595 2746 ordinem
2634 2698 2683 2747 in
2728 2714 2823 2748 ex·-

1744 2772 2025 2834 primendis
2048 2770 2322 2821 affectibus
2342 2772 2615 2835 ejusmodi,
2636 2788 2819 2824 eorum

1743 2849 2052 2911 singularem
2078 2846 2333 2897 artificem
2367 2846 2511 2912 sequi
2534 2849 2821 2913 Nasonem,

1744 2924 1933 2987 passim
1969 2924 2243 2973 observare
2268 2930 2365 2974 est.
2418 2924 2571 2976 Quod
2602 2939 2819 2975 monen-

1744 2998 1865 3047 dum
1888 3006 2023 3062 erat,
2060 3000 2182 3063 quia
2218 2999 2474 3062 ejusmodi
2510 3000 2819 3065 elegantias,

1743 3082 1833 3123 aut
1858 3076 2029 3138 potius
2054 3074 2271 3125 fulmina
2293 3089 2355 3124 ac
2378 3074 2514 3123 vires
2536 3076 2819 3141 scribendi,

1740 3151 1893 3214 pauci
1911 3150 2205 3213 observant,
2223 3152 2495 3214 pauciores
2514 3153 2817 3216 exprimunt

1740 3234 1798 3275 et
1816 3231 2113 3290 sequuntur.
2182 3227 2318 3275 Nam
2346 3228 2459 3275 haec
2481 3240 2684 3291 quoque
2707 3240 2815 3276 non

1742 3301 2193 3364 pretermittenda
2225 3308 2347 3351 sunt
2378 3301 2500 3363 illis,
2523 3302 2611 3366 qui
2636 3302 2699 3350 ad
2722 3316 2817 3351 an-

1742 3377 2005 3442 tiquorum
2048 3380 2313 3443 exemplar
2356 3392 2419 3427 ac
2452 3380 2707 3443 judicium
2751 3396 2813 3431 se

1738 3462 2072 3517 componunt.
2123 3455 2447 3505 Restm-nius.

1805 3530 1865 3578 Ia
1894 3536 2129 3579 extremas
2168 3536 2322 3580 terras
2355 3530 2641 3595 relegatum]
2672 3532 2809 3583 Cum

1736 3604 1868 3669 libro
1892 3608 2135 3669 proximo
2155 3610 2367 3655 externe
2390 3612 2532 3656 ειη-ω
2564 3607 2812 3657 dicantur

1736 3680 1839 3729 111ae
1878 3680 2133 3741 Orientis,
2175 3680 2229 3728 in
2268 3696 2389 3745 quas
2430 3682 2690 3745 relegatus
2720 3688 2811 3732 est

1734 3754 2095 3819 Germanicus,
2116 3762 2175 3805 ut
2198 3754 2348 3819 infra,
2370 3760 2386 3785 ‘
2406 3758 2495 3808 Ob
2520 3758 2810 3823 longinqui-

1736 3836 1897 3879 tatem
1919 3832 2123 3882 itineris
2146 3836 2373 3885 externis
2406 3836 2561 3885 terris
2598 3848 2807 3901 quoquo

1730 3908 1885 3957 modo
1906 3920 2191 3960 crematum
2214 3912 2248 3959 :'
2284 3920 2339 3960 et
2378 3913 2393 3940 ‘
2421 3910 2619 3961 differri
2643 3912 2805 3961 etiam

1730 3998 1825 4047 per
1866 3987 2143 4036 externos!
2196 3988 2311 4037 Imo
2356 3988 2455 4037 hoc
2496 3990 2610 4051 ipso
2648 3986 2807 4051 libro,

1728 4063 1816 4111 ubi
1855 4063 2152 4113 Alexander
2190 4071 2246 4115 et
2278 4066 2625 4116 Germanicus
2666 4078 2807 4115 com-

1726 4148 2004 4203 parantur:
2029 4143 2044 4168 ‘
2066 4143 2357 4207 Utrumque
2379 4156 2582 4191 suorum
2602 4140 2803 4190 insidiis

1725 4220 1970 4266 externas
1990 4216 2128 4265 inter
2162 4222 2344 4281 gentes
2366 4216 2615 4266 occidisse
2636 4214 2669 4263 :’
2710 4216 2799 4265 hie

1722 4290 1882 4340 etiam
1905 4290 2236 4341 scribendum
2259 4306 2478 4344 censeo:
2521 4292 2634 4341 laea
2654 4292 2803 4340 nfini-
