3175 4925
30 1717 34 1750 -*-
31 1639 38 1672 -η
33 1567 40 1596 Ὗ-
35 1489 41 1520 ,-
36 1411 42 1444 ..-

897 340 1046 392 mu.
1092 337 1206 388 m.
1249 299 1414 388 usp.
1453 321 1565 389 ¹71.
1611 336 2051 389 Amanum.
2392 315 2573 390 8895

381 481 562 530 theru
578 479 736 544 potam
751 481 1032 530 maderet.
1097 479 1342 529 Picliena.

389 556 600 606 Siluas·
651 571 808 606 sume
851 556 1106 620 ihm-aea]
1161 557 1242 605 De
1283 555 1438 606 lassis

385 631 622 695 Torquato
655 633 820 681 Silani
855 646 1047 694 sorore,
1067 639 1126 681 et
1161 631 1228 680 de
1249 632 1438 680 Manlia

377 708 752 771 'Pon-quatorum
772 707 966 758 familia
989 723 1082 772 per
1103 708 1436 770 adoptionem

379 783 432 832 in
448 783 652 834 Juuiam
677 785 960 833 Silanorum
1001 785 1196 833 inserta
1216 782 1434 832 diximus

378 858 434 907 in
469 857 554 908 lib.
575 858 644 907 de
667 859 912 918 Familiis,
945 858 1135 908 additis
1171 858 1434 908 veteribus

375 935 800 998 inscriptionibus
815 935 882 984 de
899 936 996 985 liac
1007 936 1124 998 ipsa
1137 935 1298 986 Junia
1311 937 1436 985 Τοι-

376 1017 548 1076 quata.
621 1011 837 1059 Ursinis.

383 1119 390 1126 -
443 1089 576 1137 Cu·-
610 1091 692 1136 70.
728 1089 900 1150 Capito
930 1087 1206 1150 iasigiss'ts‘or
1233 1087 1436 1148 Weiss

364 1163 496 1226 suit]
519 1165 598 1213 Ex
631 1165 776 1212 Man.
819 1164 1023 1212 restitui
1057 1178 1255 1226 vocem,
1282 1164 1434 1224 insig-

373 1239 540 1288 nitior.
605 1241 792 1302 Vulgo‚
809 1240 1059 1300 insignior.
1125 1238 1370 1287 Pichcna.

443 1315 709 1376 Egregisim
726 1315 984 1378 publicum]
1030 1313 1116 1364 Ita
1138 1313 1354 1375 dictum,
1378 1321 1436 1364 ut

375 1390 530 1454 vulgo
549 1391 736 1440 bonum
757 1391 1038 1454 publicum,
1055 1399 1108 1440 et
1121 1389 1268 1440 Livio
1287 1392 1304 1420 ‘
1322 1406 1435 1455 pes-

372 1465 556 1514 simum
597 1466 896 1529 publicum,'
929 1467 1018 1516 lib.
1036 1480 1100 1518 ιι.
1131 1467 1432 1518 Rhenanam

373 1541 464 1590 risi
485 1542 826 1592 scribentem:
861 1542 877 1571 ‘
895 1541 1160 1592 Obscurus
1183 1543 1326 1594 locus
1347 1551 1434 1593 est

373 1619 588 1680 [censeo
609 1619 842 1681 Delphos
875 1619 1140 1668 mittamus
1161 1619 1228 1668 ad
1251 1635 1430 1670 cousu-

371 1693 604 1758 lendum]
647 1703 738 1744 aut
787 1701 934 1745 certe
977 1694 1284 1745 mendosus.
1341 1697 1428 1760 qni

371 1765 542 1818 forsan
581 1771 656 1819 sic
696 1771 796 1833 legi
836 1770 1042 1834 debeat,
1077 1772 1164 1834 Se,
1187 1786 1348 1835 remp.
1370 1779 1430 1822 et

369 1842 532 1893 bonas
549 1843 686 1894 domi
705 1855 864 1895 artes.
866 1845 881 1868 ⁹
943 1845 1149 1909 Lipsius.

433 1922 698 1982 Egi-egias·
714 1921 972 1986 publicam]
1003 1924 1170 1972 Iocus
1191 1923 1276 1976 iiic
1297 1925 1428 1976 Beu-

369 2001 426 2045 to
449 1996 654 2046 videtur
673 1998 961 2048 mendosus.
1009 1999 1118 2062 Ego
1139 2005 1245 2049 tam
1267 2001 1428 2064 scrip·

371 2079 480 2121 tum
503 2086 656 2137 quam
677 2088 882 2122 sensum
904 2075 1014 2138 eJus
1031 2075 1082 2124 iu
1105 2074 1262 2146 plano
1285 2083 1428 2140 puto,

370 2149 674 2212 explicoque
695 2150 940 2210 egregiam
957 2149 1214 2212 publicans,
1232 2164 1325 2215 pro
1341 2151 1428 2200 de-

371 2236 494 2272 core
529 2224 754 2287 publico,
791 2240 857 2275 ea
891 2224 1055 2275 forma
1087 2225 1302 2290 dictum,
1325 2241 1427 2292 qua

369 2298 648 2362 saepissime
671 2301 806 2350 idem
829 2301 1118 2360 Cornelius,
1137 2299 1320 2363 boisum,
1339 2297 1428 2350 S'e-

369 2385 502 2423 neca
537 2377 730 2438 mulam,
765 2374 966 2438 Livius,
998 2376 1248 2438 pessimun
1275 2375 1429 2437 publi-

368 2465 474 2499 cans
515 2451 687 2501 aiunt.
738 2450 878 2516 apud
913 2466 1042 2517 quos
1075 2451 1328 2515 publiean,
1362 2452 1428 2502 de

367 2527 572 2577 nomine
593 2527 864 2591 adjectitio
881 2526 1076 2577 factum
1099 2534 1180 2577 est
1197 2528 1429 2578 snbstan-

367 2602 548 2652 tivum.
591 2604 886 2653 Ver-emisa
953 2604 1104 2667 Legit
1131 2603 1426 2655 Theodorus

367 2677 634 2728 Marcilius
669 2694 736 2727 ex
775 2680 1092 2739 membrana,
1115 2685 1174 2728 ut
1195 2680 1306 2742 ipse
1334 2681 1425 2743 ait,

361 2768 432 2815 se,
468 2755 814 2818 rempublicam,
848 2762 897 2805 et
935 2756 1080 2805 bonas
1110 2754 1237 2803 donis·
1269 2758 1426 2805 mes.-

362 2826 527 2879 invita
545 2844 670 2880 sane
701 2831 958 2881 Minerva.
1033 2830 1294 2893 Egregium
1307 2829 1425 2893 pub-

363 2906 504 2955 licun-
523 2908 740 2958 Tacitus
769 2908 922 2971 dixit,
945 2908 1082 2958 sicut
1104 2908 1270 2956 Varro
1291 2908 1425 2957 villus

359 2984 560 3045 pessimo
573 2984 756 3046 publico
773 2985 1057 3049 edificatus.-
1079 2998 1230 3048 quem
1250 2984 1424 3033 Livius

363 3056 556 3107 imitari
591 3071 696 3107 nou
733 3060 926 3107 veritus
947 3066 1034 3107 est
1065 3059 1152 3108 lib.
1173 3072 1238 3108 ιι.
1271 3061 1286 3085 ‘
1309 3060 1426 3108 Nec

362 3133 656 3196 unbigitur,
678 3134 798 3197 quin
833 3134 1026 3183 Brutus
1057 3133 1276 3196 pessimo
1299 3134 1426 3196 pub-

364 3208 466 3257 lico
491 3222 640 3271 reges
659 3218 933 3260 exacturus
954 3208 1174 3259 fuisset-⁹
1229 3208 1333 3259 Sed
1356 3224 1422 3259 ex

361 3284 476 3348 ipso
489 3285 692 3346 Tacito,
707 3294 760 3335 ιιι
773 3287 924 3345 solet,
935 3286 1192 3349 Sulpicius
1201 3286 1422 3335 Severus

363 3360 563 3410 Histor.
585 3362 758 3409 Sacrae
775 3362 812 3409 l.
837 3374 900 3409 ιι.
932 3362 950 3388 ‘
973 3362 1124 3411 Quod
1141 3361 1290 3411 initio
1301 3362 1422 3425 jure

353 3435 678 3499 judiciorum,
693 3444 750 3484 et
770 3435 984 3497 egregio
1009 3436 1220 3499 publico
1245 3436 1422 3487 defen-

362 3513 511 3562 sum.’
579 3514 790 3561 coleras.

413 3589 548 3639 Car.
559 3593 621 3638 ⁷1
629 3622 642 3635 .
657 3585 1122 3651 Equestrisortaaoe]
1135 3588 1356 3636 Parvula
1367 3602 1423 3635 u-

361 3663 474 3713 nius
489 3662 652 3727 apicis
666 3662 934 3712 additione
945 3663 1176 3725 legerim,
1189 3663 1422 3725 sequestri

361 3740 602 3807 Fortium.
635 3742 710 3789 Ut
731 3739 1080 3802 intelligamus
1103 3738 1420 3801 supplicasse

361 3814 643 3863 Romanum
667 3815 896 3880 equitem
919 3816 1182 3874 Fortunae,
1217 3829 1332 3879 qum
1365 3828 1421 3863 se

351 3889 578 3939 *mediam
603 3892 886 3940 collocaret
903 3891 1040 3940 inter
1061 3890 1226 3939 fatum
1245 3898 1299 3940 et
1315 3891 1418 3941 Au·

359 3972 575 4025 gustam.
615 3966 770 4027 Nam,
789 3973 850 4013 ut
871 3964 1074 4015 Gellius
1092 3967 1205 4016 vult
1227 3977 1318 4015 xx.
1343 3971 1420 4017 11.

359 4040 376 4068 ⁸
399 4046 666 4105 sequester
703 4056 737 4089 a
771 4040 1062 4105 sequend03
1117 4042 1254 4105 quod
1292 4043 1422 4105 ejus,

359 4114 448 4179 qui
469 4114 665 4164 electus
685 4116 774 4177 sit,
790 4129 910 4178 pars
931 4123 1150 4181 utraque
1173 4122 1422 4182 sequatur

358 4186 551 4239 fldem?
617 4192 750 4243 Qum
785 4192 948 4243 verba
979 4194 1308 4261 transcripsit
1327 4194 1422 4245 Isi-

1511 477 1667 528 dorus
1686 478 1741 528 in
1758 478 1907 542 orig.
1929 480 2127 530 Seneca
2146 476 2213 527 sd
2238 475 2497 542 Helviam,
2516 488 2573 530 x.

1513 560 1595 604 12.
1648 555 1665 583 ⁴
1690 556 1962 604 Menenius
2005 555 2256 620 Agrippa,
2297 555 2385 620 qui
2436 555 2574 605 inter

1511 635 1690 693 patres
1714 636 1771 678 et
1804 629 2009 692 plebem
2044 631 2265 692 publica
2288 630 2469 694 gratim
2492 644 2573 680 se-

1511 711 1725 768 quester
1745 702 1880 754 fuit:
1942 703 2074 754 Inde
2109 705 2264 754 etiam
2294 711 2395 768 est,
2431 703 2572 771 quod

1510 779 1759 831 Patribus
1778 781 2013 830 Salvator
2030 787 2208 830 noster
2247 781 2482 832 Christus
2502 796 2574 832 se·

1507 859 1687 919 quereri
1706 857 1913 908 nomine
1938 857 2126 907 veniat.
2168 857 2421 908 (ἒν-κίονας.
2486 855 2572 906 AE-

1509 932 1629 982 dem
1652 931 1873 982 fortune
1909 932 2177 998 Equestris
2203 933 2381 982 Romoe
2410 929 2574 984 fuisse

1509 1021 1663 1058 nemo
1689 1007 1909 1059 dubitat.
1974 1009 2212 1059 Tacitum
2246 1022 2373 1072 ergo
2394 1021 2571 1058 omnes

1509 1093 1771 1139 accusant.
1822 1089 1933 1152 Ego
1953 1087 2191 1138 librarios
2206 1087 2431 1136 mallem.
2475 1089 2575 1138 Ro·

1509 1161 1689 1212 bertus
1724 1162 1891 1212 Titius
1940 1163 2264 1213 humaniores
2299 1163 2480 1212 literas
2516 1163 2571 1214 in
2602 1191 2609 1196 -

1511 1237 1822 1286 Bononiensi
1864 1239 2143 1302 Gymnasio
2177 1235 2385 1303 publice
2418 1236 2575 1302 profi·

1509 1319 1647 1374 tens,
1666 1326 1749 1362 me
1770 1314 1989 1375 monuit,
2024 1313 2123 1363 sibi
2156 1321 2311 1378 atque
2332 1311 2573 1364 eruditis·

1509 1391 1639 1440 simo
1681 1391 1793 1439 viro
1835 1390 1973 1442 Jano
2017 1389 2245 1440 Grutero
2294 1389 2572 1454 legendum

1505 1465 1691 1528 videri,
1726 1466 1954 1531 σοφίαι-ι’
1985 1465 2217 1526 fortune.
2296 1467 2384 1516 Slc
2422 1466 2570 1530 virg.

1505 1541 1621 1592 AEn.
1661 1553 1739 1591 xi.
1790 1543 1807 1570 ⁴
1830 1556 2014 1606 pacem
2060 1541 2397 1606 sequestram’
2436 1543 2573 1594 dixit

1505 1632 1603 1681 pro
1641 1617 1890 1667 induciisz
1944 1623 2001 1668 et
2040 1625 2098 1668 ut
2136 1617 2355 1668 inducite
2386 1619 2571 1670 medin

1506 1701 1627 1743 sunt
1682 1694 1821 1744 inter
1874 1693 2197 1757 praeteritum
2240 1701 2297 1744 et
2338 1687 2569 1746 futurum

1503 1769 1715 1831 bellum,
1760 1769 1845 1819 vel
1886 1769 2059 1831 potius
2094 1769 2236 1818 inter
2276 1767 2467 1819 bellum
2512 1761 2571 1820 et'

1503 1857 1717 1908 pacem3
1770 1843 1848 1894 ita
1872 1843 2079 1904 foriano
2112 1844 2364 1908 sequestris
2398 1845 2573 1895 media

1503 1928 1586 1970 est
1608 1921 1744 1970 inter
1766 1921 2037 1972 adversam
2066 1927 2124 1971 et
2142 1934 2443 1985 prosperam
2467 1921 2570 1973 for-

1503 2004 1699 2062 tunam,
1720 2012 1809 2048 seu
1834 1999 1969 2048 inter
1990 1997 2227 2048 morbum
2242 2003 2297 2048 et
2314 1997 2570 2048 valetudi-

1499 2087 1635 2126 nem.
1700 2075 1887 2139 Itsque
1924 2089 2023 2124 non
2062 2074 2283 2124 absurde
2307 2073 2567 2140 appellari

1505 2151 1881 2218 quodammodo
1917 2151 2133 2215 poterit,
2170 2152 2403 2202 Fortuna
2428 2152 2567 2202 vale·

1503 2227 1777 2276 tudinaria.
1842 2227 1945 2276 Sed
1984 2241 2101 2276 cum
2135 2227 2302 2276 multa
2321 2227 2565 2278 Fortunve

1503 2303 1805 2365 cognomina
1824 2301 1961 2365 apud
2002 2301 2242 2365 antiquos
2282 2303 2565 2367 scriptores

1502 2378 1851 2439 inveniantur,
1864 2377 1933 2426 de
1950 2377 2203 2441 sequestri
2226 2382 2401 2427 autem
2422 2378 2567 2427 nullu

1499 2453 1714 2515 mentio,
1732 2412 1857 2503 nibil
1876 2449 2134 2502 affirmare
2164 2452 2344 2517 ausim,
2374 2452 2567 2515 judici·

1499 2542 1691 2592 nmque
1709 2526 1969 2593 integrum
2000 2528 2289 2577 lectoribus
2310 2528 2567 2594 relinquo.

1499 2603 1731 2653 Picsena.
1799 2604 1885 2654 Ita
1908 2610 2020 2653 cst.
2053 2603 2188 2669 quod
2212 2610 2476 2655 constaret
2496 2617 2564 2655 ex

1498 2680 1858 2730 memoralibus
1869 2680 2179 2743 scriptorum
2193 2680 2381 2743 libris,
2366 2695 2420 2731 m
2432 2681 2565 2731 urbe

1498 2754 1656 2805 fuisse
1670 2758 1845 2821 templu
1866 2756 2091 2806 Fortuna
2114 2756 2391 2819 Emissis-is,-
2411 2770 2565 2807 ousiis

1499 2845 1611 2880 snm
1649 2832 1875 2883 inserere
1909 2832 2257 2896 suspicionum
2289 2833 2477 2883 libellis
2512 2847 2563 2883 e-

1499 2908 1845 2957 mendandum
1870 2908 2053 2971 videri,
2068 2908 2363 2971 adjectione
2379 2909 2564 2971 litera,

1499 2985 1725 3035 Forma
1762 2985 2047 3048 sequestr-is,-
2096 2984 2181 3033 cui
2216 2984 2437 3035 necdum
2475 2984 2565 3033 ad-

1498 3065 1645 3109 struo
1678 3060 1915 3109 veritatis
1950 3059 2229 3110 firmiorem
2262 3060 2559 3123 imaginem.

1499 3134 1679 3185 Loetor
1700 3136 1908 3185 iuterim
1942 3149 2045 3185 non
2068 3135 2121 3183 id
2154 3135 2363 3184 omnino
2384 3134 2564 3197 displi-

1497 3204 1661 3261 cuisse
1678 3212 2039 3275 comptissimis
2055 3210 2281 3259 moribus
2302 3210 2413 3259 viro
2429 3210 2560 3259 Cur-

1495 3288 1574 3337 tio
1600 3288 1870 3337 Pichenoe:
1906 3292 1965 3336 ut
1987 3286 2122 3335 enim
2153 3284 2308 3334 hodie
2339 3284 2564 3348 obtinet,

1495 3364 1618 3413 nihil
1644 3365 1821 3426 placet
1848 3378 2002 3428 qnam
2037 3360 2175 3427 quod
2198 3368 2426 3410 nostrum
2448 3367 2561 3422 est3

1494 3438 1717 3487 alienum
1756 3452 1909 3493 omne
1942 3450 2103 3486 sanna
2142 3436 2447 3499 excipimus,
2466 3442 2563 3487 ant

1495 3514 1713 3575 pedibus
1752 3513 1909 3561 etlam
1954 3512 2222 3561 trahimus.
2304 3512 2558 3564 mm.

1493 3588 1667 3638 Valde
1690 3604 1771 3637 me
1798 3590 2089 3652 permulcet
2120 3588 2211 3638 illa
2234 3588 2453 3639 Fortuna
2472 3588 2561 3639 Se·

1494 3665 1725 3729 questi-h.-
1757 3663 1851 3713 sed
1884 3671 1940 3715 et
1970 3664 2209 3713 inventor
2228 3671 2287 3713 et
2308 3664 2561 3728 approba-

1495 3747 1580 3787 tor
1605 3746 1707 3787 tam
1744 3738 1865 3786 belli
1888 3738 2225 3801 cognominis,
2244 3739 2557 3803 explicando

1494 3815 1609 3878 ejus
1633 3814 1845 3864 taedium
1874 3811 2091 3864 faciunt.
2155 3812 2407 3878 &questa-
2439 3829 2557 3864 meo

1486 3893 1691 3955 judicio
1710 3906 1813 3941 non
1836 3907 1867 3941 a
1886 3906 2067 3954 sequor,
2088 3892 2223 3955 quod
2248 3890 2422 3946 Gellio
2442 3904 2557 3939 cre-

1494 3968 1677 4031 ditum,
1699 3967 1789 4016 sed
1816 3982 1847 4015 a
1863 3982 1991 4016 secus
2012 3966 2158 4029 quasi
2190 3970 2409 4025 secaster,
2434 3971 2498 4013 nt
2524 3978 2559 4013 a

1493 4044 1648 4105 nugis
1669 4045 1914 4104 κεῦθεν,
1952 4057 1985 4089 ιι
2020 4042 2173 4089 minas
2192 4042 2425 4103 ιιιὶιιίἀσ,
2444 4040 2554 4091 ‹lic—

1495 4126 1599 4181 tus,
1620 4120 1863 4184 quoniam
1882 4118 2164 4167 intervenit
2182 4115 2552 4167 dissidentibus

1493 4195 1609 4259 ipse
1628 4200 1929 4245 neutrarum
1966 4192 2213 4258 partium,
2236 4198 2463 4244 semotas
2484 4188 2575 4245 ab·
