3175 4925
887 398 1036 447 mu.
1081 398 1226 449 χιι.
1273 399 1438 449 ομ».
1482 380 1593 449 46.
1640 399 2075 449 Ariminum.

379 542 622 605 exemplo
641 540 966 605 Thucydidis
995 541 1319 602 concinnata,
1337 554 1442 591 non

382 618 542 668 semel
553 619 604 667 in
622 618 916 668 Cornelium
935 619 1144 667 criticos
1161 619 1412 668 excitavit
1425 634 1440 665 ε

380 708 480 747 nee
495 708 584 743 eos
601 694 858 747 continuit
879 695 1162 743 auctoritas
1183 693 1443 755 Phalerei,

381 770 895 834 Halicarnasseique:
972 772 1060 835 qni
1115 768 1441 835 apertissime

383 846 658 907 dixer-nun·
691 846 1100 909 magnitudinem
1169 861 1262 909 per
1315 848 1444 896 talia

383 922 534 971 valde
580 922 888 984 promoveri.
969 922 1048 971 En
1085 937 1150 971 ea
1191 923 1344 973 alium
1387 923 1442 972 in

379 995 609 1045 ordinem
633 1010 912 1059 conipono:
951 998 1029 1046 Ne
1049 998 1287 1049 dubitaret
1303 1000 1445 1048 malle

2403 384 2599 451 m.

1516 539 1655 591 fesso
1676 554 1811 603 esse,
1828 540 2024 590 bellam
2038 540 2134 604 ipsi
2157 552 2259 591 non
2274 541 2579 605 gerendum.

1517 617 1758 667 Dubitare
1778 632 1903 679 ergo
1923 619 2016 666 hoc
2038 618 2155 667 loco
2176 624 2255 667 est
2272 618 2581 681 deliberare,

1517 699 1691 749 utrum
1716 708 1783 743 ex
1812 694 2011 744 duobus
2050 693 2347 757 pluribusve
2386 695 2457 745 sit
2488 696 2586 745 eli-

1518 770 1763 835 gendum,
1796 771 1999 832 integro
2042 769 2209 819 adhuc
2241 769 2457 831 judicio,
2478 784 2581 821 nee

1520 861 1775 913 quoquam
1798 846 1919 895 dum
1944 846 2243 895 inclinante.
2293 845 2407 895 Hoc
2428 860 2581 897 sensu

1517 924 1779 987 repetitur
1809 918 1963 983 infra,
2002 934 2131 971 xm.
2164 926 2245 971 60.
2267 922 2281 948 ‘
2308 920 2585 971 Dubitavit

1521 1002 1667 1050 Nero
1715 1012 1779 1049 an
1834 1003 2025 1047 cuncta
2079 996 2355 1060 vectigalia
2412 996 2599 1047 omitti⁸

378 1070 648 1125 incruentas
668 1071 1128 1135 conditione-sanant
1141 1074 1310 1125 urnis.
1343 1075 1446 1121 Ve-
1510 1074 1762 1139 juberet!
1810 1074 1981 1138 Supra
2024 1085 2127 1122 κη.
2166 1076 2247 1123 20.
2283 1073 2299 1101 ‘
2320 1071 2587 1122 dubitavit

375 1147 512 1215 nelis
555 1147 654 1196 iste
693 1147 862 1196 Pollio
897 1148 1080 1198 suadet
1121 1149 1448 1212 Mithradati,

381 1236 449 1271 ne
471 1228 804 1284 exspectaret
839 1230 1126 1273 extremam
1150 1225 1270 1285 vim,
1287 1238 1446 1287 quan·

383 1297 450 1347 do
483 1299 752 1347 castellum
791 1298 1051 1349 obsessum
1091 1314 1276 1363 expers
1308 1316 1445 1352 com-

382 1372 642 1426 meatibus
677 1380 823 1423 erat:
861 1389 923 1423 eo
955 1376 1308 1437 angustiarum
1345 1378 1446 1441 (di-

383 1446 562 1511 cebat)
607 1449 850 1499 redactus
889 1465 1038 1513 es,‚o
1082 1452 1447 1517 Mithradates,

382 1530 442 1573 ut
465 1538 690 1588 nequeas
707 1526 824 1576 binc
849 1527 1070 1576 evadere
1093 1544 1104 1575 :
1134 1528 1348 1591 proinde
1381 1544 1446 1578 ne

383 1613 476 1648 nos
499 1600 726 1658 consule,
752 1602 992 1663 potiusne
1013 1603 1082 1651 sit
1101 1618 1218 1653 eum
1242 1603 1446 1653 Rhada-

383 1673 536 1725 misto
559 1674 752 1737 pacisci
789 1684 912 1727 ante
945 1678 1180 1729 ultimam
1201 1694 1446 1743 pugnam,

384 1764 452 1799 an
465 1766 532 1801 ea
549 1758 809 1803 tramacta
825 1752 1066 1817 accipere
1081 1756 1146 1803 ab
1165 1770 1226 1804 co
1245 1757 1448 1807 victore

384 1828 740 1878 conditiones:
776 1830 877 1887 seis
912 1830 1048 1879 enim
1088 1830 1334 1881 festinata
1351 1833 1447 1882 de·

383 1902 583 1956 ditione
623 1904 890 1955 conciliari
932 1904 1262 1956 clementiam
1283 1909 1447 1957 victo-

383 1980 472 2042 ris,
517 1989 702 2031 contra
745 1982 798 2031 in
840 1984 1136 2046 pertinaces
1181 1992 1240 2036 et
1281 1986 1447 2036 victos

384 2070 536 2109 omne
557 2059 774 2108 saevitiae
791 2074 954 2121 genus
977 2063 1232 2111 exerceri.
1277 2063 1448 2124 Arma,

384 2128 593 2193 bellum,
638 2135 889 2196 proeliutn.
970 2138 1213 2199 Propert.
1251 2139 1267 2167 ‘
1289 2138 1448 2189 Arma

387 2207 534 2260 Deus
555 2208 731 2258 Caesar
763 2209 900 2259 dites
935 2211 1217 2261 meditatur
1255 2212 1322 2261 ad
1363 2213 1450 2261 In-

388 2281 513 2334 don:
545 2282 825 2334 Salina-ius.
893 2286 1178 2348 Suspectus
1217 2288 1340 2337 mihi
1379 2290 1450 2336 lo·

387 2371 499 2409 cus.
597 2357 684 2407 Au
747 2360 986 2409 hortatur
1055 2360 1450 2424 Mithradatem‚

389 2444 700 2496 quamquem
727 2434 880 2484 annis
917 2434 1252 2498 instructum,
1271 2436 1468 2486 condi..

387 2507 556 2560 tiones
615 2525 766 2574 quain
819 2512 1118 2561 incruentas
1171 2511 1452 2576 a'ccipere?

391 2585 614 2635 Pit-liena.
699 2587 946 2636 Claritati
999 2589 1278 2638 sententiae
1321 2588 1452 2637 nihil

387 2662 610 2727 deesset,
617 2664 770 2714 modo
780 2663 1076 2716 auferretur
1091 2665 1276 2715 vocula
1285 2681 1424 2728 quum
1435 2681 1456 2724 ,-

386 2754 525 2803 Μαι,
561 2755 628 2790 ne
663 2741 996 2794 admittamus
1029 2743 1246 2792 aliorum
1279 2757 1452 2792 emen-

385 2815 638 2879 dationes,
687 2818 745 2868 in
785 2833 968 2870 caussa
1015 2827 1097 2870 est
1135 2820 1278 2870 loeus
1315 2817 1454 2869 infra

384 2889 523 2942 Anu.
541 2906 667 2944 nu.
690 2898 774 2944 87.
803 2897 890 2959 qui
913 2895 1100 2946 babet:
1142 2897 1170 2926 ‘·
1185 2896 1350 2946 Posse
1375 2896 1452 2945 illi

387 2967 578 3022 stabile
623 2983 858 3032 regnum,
909 2978 966 3020 et
1021 2985 1106 3021 res
1157 2971 1454 3022 incruentas

387 3043 708 3106 contingere,
743 3044 799 3092 si.
823 3046 1010 3094 omissa
1047 3061 1140 3110 spe
1176 3047 1456 3110 longinqua

388 3124 448 3168 et
479 3133 597 3170 sera
635 3126 944 3182 praesentem
985 3123 1344 3184 potioremque
1374 3129 1459 3170 seo·

390 3193 674 3258 queretur!
711 3195 964 3246 Gruterus.
1016 3198 1042 3225 ‘0
1057 3197 1142 3246 Ne
1165 3196 1320 3246 dubia
1343 3202 1458 3245 ten-

389 3275 530 3320 taret
567 3272 722 3321 armis
759 3287 912 3336 quam
947 3273 1244 3324 incruentas
1281 3273 1456 3324 condi-

393 3347 563 3398 tiones
601 3347 816 3399 mallet.’
899 3348 984 3398 lta
1027 3349 1166 3412 lego.
1216 3350 1456 3402 Aurelius.

391 3423 526 3474 Hac
547 3423 612 3473 ab
637 3423 1010 3486 interpretibus
1031 3426 1174 3476 varie
1197 3428 1454 3490 exposita,

389 3511 490 3548 nee
523 3497 734 3548 defecta
771 3513 884 3548 esse
921 3507 1121 3564 putem,
1143 3507 1200 3551 et
1235 3502 1375 3551 clara
1409 3503 1456 3551 st

391 3589 489 3640 pro·
499 3577 664 3636 armis,
677 3575 932 3632 suadente
951 3577 1212 3627 sententia
1229 3589 1454 3640 reponas

388 3667 538 3706 uma.
581 3653 772 3702 Locum
793 3661 974 3700 autem·
989 3652 1264 3702 obscurum
1284 3653 1456 3703 reddi·

391 3728 471 3778 dit
492 3743 592 3780 vox
611 3727 883 3789 dubitandi,
905 3743 1020 3792 qlloe
1051 3731 1136 3779 liic
1163 3744 1266 3780 non
1302 3729 1459 3780 sumi-

393 3809 480 3854 tur
513 3806 768 3869 quomodo
815 3806 966 3868 vulgo
1018 3807 1172 3866 solet,
1208 3814 1270 3856 ut
1321 3807 1464 3856 hunc·

394 3889 598 3931 sensu-
639 3881 848 3944 babeat,
891 3884 1087 3947 absque
1136 3883 1298 3932 dubio
1342 3896 1454 3932 esse

391 3954 716 4020 praeferenda
767 3972 908 4008 arma
957 3957 1340 4009 conditionibus
1379 3959 1468 4008 in·-

393 4032 652 4082 eruentis:
735 4033 828 4082 sed
881 4035 1016 4084 bime
1087 4035 1277 4098 potius,
1325 4037 1456 4084 adeo

395 4105 684 4160 emittenda
713 4119 828 4156 esse
861 4123 1026 4174 arma,
1047 4120 1105 4160 ut
1143 4125 1208 4160 ue
1241 4111 1299 4159 in·
1323 4127 1468 4175 quae-

389 4181 614 4236 ationem
653 4183 861 4246 quidem
903 4186 988 4234 rel
1025 4186 1464 4238 deliberationem

393 4257 638 4312 wasnau.
669 4259 812 4326 siut}
845 4259 976 4325 adeo
1015 4275 1204 4329 nempe
1246 4263 1304 4314 in
1339 4277 1469 4314 con·

1520 1165 1713 1209 tamen‚
1755 1150 1993 1213 accipere
2026 1150 2287 1213 captivum
2316 1156 2471 1212 pacto
2510 1164 2586 1198 su-

1519 1227 1660 1288 lutis,
1674 1240 1739 1275 an
1759 1232 1999 1289 repetere
2016 1226 2172 1273 armis
2192 1225 2383 1273 rectius
2400 1222 2541 1273 foret
2555 1219 2589 1273 :⁸

1520 1302 1611 1351 ubi
1633 1301 1851 1350 dubitare
1882 1300 2079 1350 dietum
2120 1308 2201 1349 est
2233 1300 2299 1348 de
2330 1299 2600 1349 delibera·-

1524 1376 1665 1425 tione
1688 1376 1847 1424 etiarn
1886 1376 1939 1424 in
1974 1376 2183 1425 consilio
2219 1375 2414 1437 habita,
2437 1380 2495 1424 ut
2518 1390 2603 1423 ex·

1521 1453 1859 1517 sequentibus
1878 1456 2057 1515 patet:
2078 1454 2093 1479 ‘
2120 1450 2213 1501 sed
2236 1450 2587 1500 disserebatur

1523 1528 1740 1579 contra!
1774 1528 1859 1577 Sic
1880 1540 1961 1575 tv.
1986 1532 2069 1575 5⁷.
2091 1526 2106 1554 ‘
2126 1526 2461 1576 dubitaverat
2484 1524 2589 1575 Au·

1524 1612 1707 1669 gustus
1730 1603 2091 1653 Germanicum
2132 1602 2394 1651 rei-Rom.
2430 1599 2605 1665 impo-.

1523 1679 1686 1730 nere?
1730 1680 2103 1730 Freinshemius.
2172 1678 2365 1727 Mirum
2408 1683 2489 1727 est
2532 1678 2587 1727 in

1522 1758 1620 1807 boc
1654 1757 1769 1806 loco
1802 1756 2047 1805 hactenus
2077 1754 2283 1805 baesisse
2314 1754 2448 1804 viros
2468 1752 2591 1803 doo-

1523 1833 1761 1883 tissimus.
1835 1834 1975 1882 Ecce
2017 1832 2117 1881 tibi
2160 1830 2607 1893 integerrimnm3·

1523 1910 1603 1959 Ne
1642 1908 1857 1959 dubitare
1912 1908 2080 1970 armis,
2136 1921 2277 1970 quum
2316 1906 2610 1955 incruentas·

1521 1985 1814 2035 conditiones
1848 1985 2026 2033 mallet.
2094 1983 2227 2032 Mihi
2260 1996 2361 2032 non
2390 1988 2471 2031 est
2494 1980 2604 2031 du·.

1525 2061 1683 2125 bium,
1704 2063 1827 2126 quin
1850 2060 1925 2109 sic
1946 2058 2219 2123 scripserit
2238 2058 2467 2108 Tacitus.
2502 2058 2589 2107 Ne

1523 2138 1701 2187 mallet
1748 2136 1916 2186 dubiis
1984 2135 2234 2184 bellorum
2280 2133 2480 2182 casibus
2532 2146 2589 2181 se

1525 2214 1847 2275 permittere,
1886 2226 2037 2275 quam
2074 2209 2313 2271 accipere
2350 2208 2591 2257 incruen-

1525 2296 1623 2350 tas,
1644 2287 1789 2338 facta
1808 2302 1961 2351 pace,
1978 2285 2321 2335 conditiones.
2353 2283 2591 2333 Dubitare

1525 2366 1673 2412 cri-mis
1710 2364 1979 2425 eleganter
2024 2365 2269 2425 gerentes
2306 2358 2495 2409 bellum
2516 2358 2593 2407 di-

1527 2444 1735 2502 cuntur,
1754 2438 1821 2487 ob
1838 2437 2059 2487 maxime
2079 2435 2305 2498 dubiam,
2320 2434 2593 2496 incertam,

1528 2515 1807 2578 trepidem,
1832 2514 2137 2578 ambiguam
2160 2526 2305 2576 spem
2337 2524 2399 2560 ac
2427 2508 2592 2559 fortu-

1527 2605 1647 2640 nam
1663 2589 1933 2639 bellorum.
1968 2589 2113 2638 Idem
2132 2589 2314 2637 volunt
2330 2591 2387 2636 et
2406 2585 2591 2636 eodem

1526 2663 1639 2716 fere
1662 2665 1815 2715 modo
1835 2666 2117 2728 loquuntur
2146 2661 2401 2712 Tiridatis
2421 2667 2591 2711 orato-

1527 2755 1611 2790 res
1632 2740 1820 2790 Annal.
1844 2753 1971 2788 xut.
1992 2739 2007 2767 ‘
2032 2739 2159 2788 Ideo
2176 2737 2401 2786 noudum
2422 2736 2593 2800 ipsum

1525 2817 1837 2881 Vologesem
1874 2823 2205 2875 commotum,
2239 2813 2359 2878 quia
2389 2826 2592 2876 caussa,

1530 2907 1683 2958 quam
1706 2893 1757 2942 vi
1787 2906 1942 2956 agere
1966 2889 2232 2953 ‚mallentss
2268 2888 2605 2938 Ballou-nius.-

1531 2969 1767 3033 Appono·
1792 2969 2051 3018 calculum
2092 2965 2151 3014 τὸ
2197 2981 2337 3030 quom
2376 2964 2609 3014 delenti·.

1531 3045 1658 3096 bus:
1696 3045 1807 3094 sive
1830 3044 2135 3108 conjectura
2156 3049 2239 3092 est
2262 3039 2607 3092 eaGroslotiia

1531 3128 1591 3171 et
1612 3121 1857 3172 Gruteri:
1894 3126 1949 3170 et
1970 3121 2135 3168 multo
2158 3119 2321 3180 magis
2344 3117 2389 3164 si
2411 3129 2605 3166 verum.-

1531 3201 1630 3259 est,
1638 3196 1771 3260 qnod
1781 3195 1923 3262 jacit
1932 3195 2169 3260 Ursinus,
2180 3193 2419 3240 inventos
2434 3190 2611 3246 libro&

1509 3277 1757 3334 ’νεῖαι-ει,
1796 3270 1887 3336 qui
1924 3267 2231 3333 particulam
2269 3266 2593 3317 damnarent.

1531 3347 1697 3396 Labes
1718 3361 1821 3396 uon
1861 3345 1929 3394 ub
1961 3344 2041 3406 iis,
2067 3341 2153 3405 qui
2184 3338 2410 3390 docendi
2442 3344 2609 3394 erant.

1531 3422 1657 3487 quid
1676 3437 1825 3483 ernau,
1844 3421 1969 3485 qnid
1986 3419 2223 3479 dubitare,
2236 3416 2361 3480 quin
2376 3415 2609 3470 dubitare.

1529 3499 1679 3548 armis
1713 3505 1866 3559 esset,
1886 3495 1979 3545 sed
2014 3495 2081 3544 ab
2112 3494 2212 3554 his,
2224 3493 2313 3557 qui
2348 3505 2455 3542 non
2476 3505 2611 3544 con„

1531 3573 1825 3639 coquebant
1842 3573 2111 3622 inmas
2138 3569 2425 3621 conditiones
2451 3569 2611 3622 nmis.

1528 3651 1683 3702 mae.
1768 3651 1953 3713 Neque
1998 3648 2133 3697 euim
2174 3645 2455 3710 protritum
2500 3644 2611 3700 bom

1529 3728 1774 3795 loquendi
1794 3741 1986 3790 genus:
2018 3725 2227 3788 elegans
2245 3732 2434 3776 tamen.
2488 3722 2611 3787 Apo

1531 3805 1733 3869 puleins
1777 3803 1998 3867 Apolog.
2036 3801 2053 3828 ‘
2078 3801 2422 3851 Persuaserat
2456 3798 2609 3852 idm

1530 3881 1823 3932 Pontianus
1860 3879 2011 3929 matri
2054 3893 2195 3938 sum
2254 3883 2311 3926 ut
2352 3891 2437 3926 me
2480 3875 2609 3929 aliis.

1531 3958 1767 4008 ouiuibus
1788 3955 1999 4006 mallet?
2042 3954 2421 4005 subaudiebam
2442 3957 2611 4004 ante-2

1530 4035 1759 4099 est-periri,
1791 4033 1925 4096 quod
1959 4039 2015 4080 et
2048 4031 2115 4080 ad
2147 4030 2295 4080 armis
2323 4035 2379 4078 et
2402 4026 2468 4077 ad
2490 4041 2611 4078 con-u

1531 4113 1733 4162 ditiones
1772 4110 1901 4160 satis
1939 4105 2209 4157 commode
2241 4103 2425 4155 referri
2454 4103 2613 4156 vide„

1534 4188 1706 4238 batur·-
1770 4184 1880 4238 Sed
1896 4182 2030 4236 illud
2044 4183 2207 4246 magis
2226 4181 2423 4246 placet.
2472 4179 2600 4232 Gus-

1531 4275 1727 4314 novur.
