3175 4925
692 411 839 460 mn.
886 413 998 462 ιιι.
1044 412 1209 462 οΑι».
1254 397 1359 464 31.
1411 411 1970 468 mss-ommuni.

212 551 509 600 nestellam
562 565 669 600 enni
725 553 874 602 armis
928 558 976 604 et
1032 556 1130 604 dot.
1194 554 1299 604 Sed

210 629 287 674 ab
314 627 579 678 audaculo
602 632 935 681 emendatore
976 631 1299 681 emendatum

212 710 377 766 puto.
484 707 619 756 Nam
674 708 814 756 kanna
868 708 949 758 vel
1008 709 1173 758 hunus
1224 709 1299 757 in-

214 788 581 831 strumentum
620 791 701 833 est
744 785 810 833 ad
868 785 1109 834 incendia
1166 799 1301 834 eom-

216 857 515 920 pescenda.
586 859 721 908 Plin.
746 860 797 908 iu
828 862 984 923 epist.
1033 862 1048 887 ‘
1074 863 1143 910 Et
1174 862 1299 910 alio-

216 933 315 996 qui
342 935 515 984 nullus
552 951 763 1000 usquam
802 939 855 988 in
892 940 1103 1003 publico
1132 941 1300 1004 sipbo,

216 1010 372 1057 nulla
414 1011 582 1073 hama,
624 1014 816 1063 nullum
854 1014 1077 1080 denique
1114 1016 1300 1066 instru-

216 1093 467 1136 mentum
541 1089 605 1137 ad
670 1090 909 1140 incendia
968 1107 1301 1156 compescen·

218 1160 331 1210 ‹ia-⁹
407 1164 541 1213 Cato
566 1166 633 1213 de
658 1181 713 1216 re
740 1169 885 1217 Rust.
918 1169 1057 1218 hansa
1078 1183 1197 1218 usus
1218 1175 1301 1219 est

222 1251 325 1299 pro
356 1237 674 1290 ferramento
698 1243 904 1292 rustico.
970 1246 1157 1310 Itaque
1179 1261 1300 1295 can-

222 1328 341 1364 sam
382 1315 551 1366 adhuc
592 1319 815 1382 requiro,
852 1334 947 1369 cur
982 1321 1177 1371 Paulus
1206 1325 1300 1372 cal-

220 1397 418 1440 ceatum
442 1392 663 1441 voluerit
695 1409 807 1444 esse
831 1395 1143 1446 Praefectum
1176 1399 1301 1461 vigi-

143 1453 145 1474 *
226 1467 355 1528 lum,
378 1467 518 1516 aliud
541 1469 582 1516 si
604 1471 881 1532 caligatum
898 1471 1145 1522 dixisset:
1182 1489 1300 1523 nam

224 1545 489 1608 Ulpianus
523 1547 781 1606 caligaeum
814 1548 1013 1597 snitum
1046 1552 1299 1613 appellat,

226 1620 282 1667 in
310 1623 508 1684 capite,
543 1624 693 1674 Quod
732 1613 805 1673 ait
828 1627 1049 1685 Praetor,
1090 1628 1141 1674 in
1168 1626 1301 1674 Pan-

226 1696 378 1746 dect.
404 1705 649 1762 tractatu,
672 1700 736 1748 de
760 1700 836 1748 liis
854 1701 941 1766 qui
958 1707 1205 1751 notantur
1226 1702 1301 1750 in·

226 1775 411 1839 fannia,
427 1784 481 1827 et
502 1779 784 1829 Venuleius
802 1781 855 1828 in
875 1793 989 1843 cap.
1010 1779 1077 1828 de
1095 1779 1299 1829 militib.

227 1859 287 1907 in
332 1854 455 1916 Dig.
498 1863 725 1905 tractatu
761 1857 827 1906 de
868 1863 1001 1906 cust.
1036 1863 1093 1906 et
1128 1855 1298 1904 exhib-

143 1937 147 2020 ζ,
231 1949 461 1984 reorum.
530 1935 645 1984 Nisi
669 1933 847 1982 forsan
885 1934 1077 1983 dixeris
1101 1935 1299 1982 calcea-

230 2017 343 2058 tum
370 2010 563 2060 debere
598 2025 710 2060 esse
734 2010 1049 2060 Praefectum
1075 2009 1301 2072 vigilum,

232 2089 374 2152 quod
401 2088 593 2137 calceis
616 2093 887 2137 uteretur:
923 2101 1041 2136 nam
1078 2086 1211 2150 ignis
1244 2093 1301 2135 et

233 2164 493 2212 carbones
514 2163 731 2225 pedibus
763 2162 839 2210 illi
858 2170 1005 2211 erant
1022 2161 1300 2211 atterendi.

236 2241 463 2303 Ligones
497 2240 595 2289 hoc
633 2240 746 2289 loco
788 2239 961 2288 Taciti
988 2237 1053 2286 nd
1106 2245 1300 2287 terram

236 2317 532 2366 fodiendam
558 2324 679 2365 sunt
714 2315 934 2366 maxime
966 2315 1301 2366 accommodi.

236 2395 475 2457 Lupanus.

312 2470 557 2520 Vitelliani
575 2468 875 2534 proruissent]
908 2468 972 2518 In
1014 2468 1131 2518 cod.
1167 2468 1301 2517 Bud.

242 2557 339 2611 est,
356 2550 662 2612 proevolvunt.
696 2548 988 2595 Rhenanus.

310 2627 439 2676 cm».
463 2630 544 2675 28.
592 2624 753 2673 Multa
791 2638 897 2673 enm
934 2628 1113 2684 strage,
1154 2623 1303 2671 inees-

240 2701 389 2763 σεται]
426 2699 489 2749 Id
514 2706 607 2760 est,
646 2699 763 2763 quia
786 2700 949 2747 multa
985 2703 1205 2760 strages,
1242 2696 1302 2745 ti-

240 2776 425 2827 midior
440 2784 492 2825 et
510 2774 840 2825 cunctantior
852 2774 962 2837 jam
978 2772 1139 2821 miles.
1164 2773 1299 2837 Lips.
1338 2831 1341 2833 v

310 2854 467 2902 Multa
489 2867 591 2901 cum
612 2857 775 2913 strage
794 2851 1047 2899 incesserat
1072 2849 1299 2912 contritio]

246 2929 461 2977 Rectum
486 2934 582 2989 est,
615 2934 734 2989 post
766 2926 975 2973 multam
998 2932 1222 2987 stragem
1247 2925 1301 2973 in

246 3004 515 3053 alacriores
539 3002 731 3050 editam
748 3002 857 3065 jam
882 3000 1064 3049 caeteri
1087 3008 1314 3049 conten*-

246 3080 349 3128 tius
390 3076 777 3141 oppugnabant,
821 3090 977 3138 quum
1016 3082 1303 3124 monstrata

250 3155 312 3204 ad
346 3154 597 3203 excidium
635 3154 889 3201 Cremona
924 3150 1069 3199 novis
1104 3149 1301 3197 viribus

248 3244 377 3278 novo
400 3232 596 3291 impetu
618 3226 741 3275 ferri
766 3240 991 3290 coepere.
1044 3226 1302 3274 Merca-us.

250 3306 397 3354 Hanc
418 3304 814 3365 distinctionem,
828 3307 1171 3365 prosternerent
1186 3302 1303 3349 mul-

250 3388 299 3429 tu
341 3396 441 3427 cum
480 3384 657 3439 strage.
738 3378 996 3426 Iners-§erut
1034 3377 1304 3434 cunctatio,-

254 3472 317 3505 ex
344 3458 473 3505 Flor.
500 3454 724 3504 restitui.
792 3452 933 3502 Male
975 3460 1163 3502 antea:
1198 3468 1305 3515 pro-

249 3538 515 3583 sternerent.
586 3532 747 3581 Mutta
768 3546 869 3579 eum
890 3536 1067 3593 strage,
1100 3536 1181 3593 ᾀτ.
1216 3532 1303 3580 Pi-

252 3610 424 3660 chena.
502 3609 731 3657 Flaviani
794 3608 1007 3670 primum
1064 3608 1306 3655 ardentes

254 3687 381 3735 vallo
413 3685 694 3744 instabant,
722 3682 811 3731 sed
849 3684 1018 3730 solnta
1054 3696 1305 3745 compage

255 3771 523 3821 scutorum,
559 3761 852 3823 lanceisque
895 3758 1144 3819 transfixi,
1182 3774 1305 3808 non-

258 3838 375 3887 nihil
388 3836 451 3885 de
469 3838 734 3885 alacritate
752 3836 1059 3884 remiserunt
1078 3852 1091 3885 ι
1128 3850 1303 3898 qnam-

258 3914 424 3963 obrem
444 3912 561 3961 hinc
594 3912 935 3974 ablegandum
970 3919 1047 3960 est
1074 3912 1303 3962 tentatio.-

257 4006 367 4040 nam
403 3990 487 4053 (ut
524 3991 765 4052 apposite
804 3990 1011 4053 scripsit
1048 3990 1303 4053 Pichena)

258 4067 393 4129 signa
412 4066 751 4115 cunctationis
781 4064 889 4114 haec
915 4071 1061 4114 sunt:
1092 4066 1108 4093 ‘
1132 4066 1186 4113 in
1211 4065 1303 4114 dn-

260 4160 341 4193 ces
362 4142 490 4191 fesso
520 4142 630 4205 jam
652 4142 822 4201 militi,
858 4150 913 4191 et
951 4143 1092 4191 velut
1128 4142 1301 4191 irritas

261 4220 629 4271 exhortationes
674 4218 957 4268 abnuenti!
1044 4220 1111 4268 Et
1151 4222 1167 4248 ‘
1203 4210 1303 4269 non

255 4300 354 4364 jmn
372 4296 591 4363 sanguis,
613 4309 779 4360 neque
804 4296 1016 4346 vulnera
1038 4296 1305 4345 moraban-

1378 556 1495 606 tur:
1524 555 1804 609 &numa
1869 560 2074 624 Lipsius
2111 563 2298 613 scribit
2333 567 2436 612 ten·

1375 634 1515 686 tds’o.
1601 635 1714 698 Ego
1753 639 1962 686 eontots’o
2015 640 2286 700 retineam,
2330 653 2437 691 non

1378 717 1545 761 tumen
1566 714 1761 778 vulgari
1779 715 2091 779 significatu,
2109 724 2165 768 ut
2181 719 2224 768 si
2239 719 2438 770 scriba}

1372 791 1624 850 mantio,
1646 791 1738 839 sed
1761 805 1854 854 pro
1876 794 2213 854 scrutatione,
2249 809 2280 842 a
2301 799 2438 844 conto

1371 865 1457 912 vel
1492 866 1696 928 contari,
1743 882 1838 929 pro
1877 869 2118 917 scrutari.
2201 871 2438 933 Respicit

1374 940 1511 989 enim
1532 942 1600 990 ad
1637 957 1700 991 ea
1731 945 1888 993 verba
1910 945 2145 1005 Tacitus,
2179 960 2296 1010 qum
2324 945 2438 1009 jam

1363 1015 1473 1078 jam
1500 1018 1846 1081 praemiserat:
1880 1021 1897 1048 ‘
1923 1021 2211 1084 Disjectam
2235 1019 2440 1070 fluitan-

1376 1099 1585 1157 temque
1609 1096 1924 1146 testudinem
1949 1097 2142 1146 lanceis
2166 1098 2440 1161 contisque

1374 1171 1706 1222 scrutantur?
1769 1173 1990 1236 Proprie
2031 1187 2156 1236 ergo
2195 1173 2278 1223 hic
2317 1187 2440 1222 usus

1374 1257 1439 1293 ea
1460 1260 1587 1294 voce
1609 1263 1620 1294 :
1659 1254 1716 1298 et
1739 1249 1900 1312 inagis
1937 1251 2166 1313 proprie,
2196 1263 2349 1314 quam
2374 1249 2441 1298 ad

1374 1318 1638 1372 finemlib.
1665 1337 1739 1372 tv·
1806 1325 1820 1351 ‘
1844 1325 1960 1376 Qua
1999 1327 2296 1375 cantatione
2337 1325 2442 1374 bel-

1376 1396 1481 1446 lum
1504 1396 1751 1448 adversus
1785 1407 1988 1463 patrem
2013 1400 2347 1463 cogitaverit,
2375 1413 2440 1448 an

1376 1485 1501 1535 opes
1540 1474 1782 1538 viresque
1822 1477 2070 1526 adversus
2115 1475 2350 1536 fratrem,
2389 1475 2439 1544 ln

1376 1548 1577 1598 incerto
1619 1548 1752 1600 fuit:
1837 1551 1922 1600 Sic
1967 1553 2102 1600 enim
2149 1551 2325 1614 Lipsio
2369 1551 2441 1600 ibi

1377 1625 1627 1687 placitum
1651 1629 1925 1677 emendare
1949 1644 2044 1693 pro
2061 1629 2365 1691 cogitatione,
2388 1633 2442 1696 et

1375 1717 1404 1750 a
1428 1707 1565 1752 conto
1601 1705 1858 1766 derivare,
1897 1711 2140 1770 tanquam
2179 1705 2442 1768 propriam

1378 1777 1489 1840 ejus
1502 1779 1606 1827 vim
1621 1784 1802 1828 auctor
1825 1781 2144 1844 expresserit
2162 1797 2174 1830 ε
2211 1780 2348 1844 quod
2364 1793 2442 1829 se·

1376 1869 1467 1902 cus
1488 1861 1569 1902 est
1595 1861 1784 1905 tamen.
1853 1857 2104 1921 Respexit
2141 1858 2213 1906 ibi
2255 1857 2442 1906 saltem

1377 1933 1689 1994 metaphorae
1729 1933 2135 1984 cousuetudine:
2189 1933 2272 1982 hic
2319 1931 2442 1982 vere

1376 2009 1654 2069 expressit.
1688 2010 1875 2059 Acidal.

1444 2085 1674 2140 Quamvis
1706 2086 1908 2148 pessimo
1935 2087 2160 2151 flagitio]
2213 2085 2352 2138 Quid
2397 2085 2444 2135 si

1376 2159 1537 2220 legas,
1558 2160 1724 2220 quovis
1739 2177 1861 2223 pess.
1873 2161 1937 2222 fl.
1976 2163 2272 2211 Rhenanus.

1444 2234 1575 2282 CAP.
1600 2238 1682 2282 29.
1716 2236 1956 2284 Bulistam
1987 2237 2039 2285 in
2069 2237 2317 2286 subeuntes
2336 2251 2442 2300 pro—

1373 2308 1555 2370 pulere]
1606 2311 1712 2358 Pro
1751 2326 1878 2361 voce
1919 2313 2136 2361 balistam
2173 2314 2446 2363 substituit

1378 2385 1575 2433 Muret.
1601 2388 1764 2434 molem
1787 2405 1806 2444 ,-
1837 2387 2038 2450 opinor,
2077 2403 2106 2437 e
2141 2389 2311 2436 libro:
2349 2386 2440 2458 sed

1376 2472 1469 2507 nos
1492 2474 1597 2507 non
1639 2463 1914 2524 recipimus
1957 2471 2196 2527 tanquam
2223 2464 2442 2526 glossam

1378 2534 1509 2597 ejus,
1531 2550 1646 2599 quae
1674 2537 1824 2599 vulgo
1847 2537 2088 2586 obtinuit.
2123 2538 2312 2586 Acidul.

1444 2610 1732 2659 Deturbatis
1764 2612 1844 2675 qui
1881 2614 2179 2677 restiterant]
2233 2612 2444 2675 Scripsi,

1376 2686 1459 2748 qui
1498 2686 1785 2736 resisterent.
1833 2688 2127 2737 Rhenanus.
2194 2689 2446 2751 Venetus,

1374 2761 1672 2821 restiterant,
1695 2772 1748 2811 et
1769 2762 1882 2812 fere
1907 2764 2165 2814 consentit
2189 2763 2326 2812 Flor.
2351 2763 2440 2828 qui

1376 2837 1554 2899 habet,
1591 2840 1885 2888 resisterunt.
1920 2840 2111 2905 Vulgo,
2145 2842 2440 2889 resisterent.

1376 2913 1624 2963 Picliena.
1694 2914 1887 2964 Muret.
1909 2918 2204 2967 restiterant.
2251 2918 2363 2979 Ego
2387 2914 2445 2966 et

1375 2989 1598 3037 alterum
1619 2988 1749 3040 fero.
1779 2991 1968 3040 Addat.

1445 3066 1716 3127 completur
1731 3066 1879 3127 eoede]
1910 3068 2040 3117 Quis
2061 3082 2184 3117 vero
2201 3080 2442 3117 numerus

1377 3152 1628 3187 caesorum
1655 3139 1708 3187 in
1742 3140 1822 3187 his
1858 3142 2079 3203 praeliis?
2111 3142 2304 3192 Tacuit
2325 3156 2442 3191 nos-

1378 3221 1476 3272 ter,
1500 3217 1758 3278 expressit
1776 3218 2062 3283 Egesippns
2083 3234 2096 3266 =
2131 3218 2148 3245 ⁸
2169 3218 2444 3268 Exstincto.

1378 3292 1597 3353 triginta
1619 3292 1776 3341 millia
1793 3300 1849 3342 et
1871 3292 2086 3343 ducenti
2102 3295 2197 3344 viri
2213 3294 2277 3342 de
2299 3308 2444 3343 exer-

1378 3368 1487 3417 citu
1530 3368 1749 3417 Vitellii.
1832 3370 2140 3433 Primusque
2181 3369 2259 3435 (id
2305 3368 2442 3419 euim

1378 3444 1606 3493 Antonio
1627 3450 2024 3507 cognomentum
2046 3444 2181 3508 erat)
2197 3450 2445 3508 quattuor

1378 3521 1537 3570 millia
1560 3522 1866 3586 quingentos
1895 3520 1960 3569 de
1979 3519 2234 3584 mysiacis
2265 3518 2444 3569 militi-

1379 3597 1474 3647 bus
1498 3596 1710 3645 amisit.’
1744 3595 1953 3659 Lipsius.

1443 3672 1582 3721 Cae.
1611 3676 1694 3721 31.
1727 3672 1790 3719 In
1810 3672 2089 3721 testudineus
2116 3670 2443 3733 glomeraban-

1376 3749 1479 3811 tur]
1530 3749 1620 3797 Ita
1653 3748 1848 3797 rectius
1883 3749 1934 3797 in
1957 3749 2097 3799 Plor.
2121 3764 2236 3799 nam
2261 3750 2441 3798 statim

1374 3826 1630 3890 sequitur,
1662 3824 1985 3875 incutiebant:
2019 3832 2076 3873 at
2112 3826 2166 3873 in
2201 3825 2442 3888 vulgatis,

1368 3903 1710 3964 glomerantur.
1743 3899 1988 3949 Pichena.

1442 3978 1563 4027 Cum
1601 3979 1896 4037 hingueseere
1924 3975 2182 4039 ponamin]
2215 3975 2336 4025 Hoc
2373 3990 2441 4026 ex
2539 3990 2547 3997 ·

1374 4054 1511 4103 Flor.
1533 4053 1725 4115 Vulgo,
1747 4054 1982 4112 languere.
2014 4050 2180 4101 Idem.

1442 4130 1553 4177 Non
1574 4128 1628 4177 in
1649 4130 1818 4190 tulgus
1837 4128 1988 4191 inope,
2025 4129 2108 4176 sed
2131 4128 2184 4176 in
2205 4126 2444 4195 tribunos]

1374 4207 1441 4257 ln
1462 4207 1578 4255 cod.
1603 4206 1739 4255 Bud.
1763 4218 1855 4254 non
1887 4206 1938 4253 in
1958 4206 2132 4267 vulgus
2150 4205 2368 4271 inopsque
2387 4208 2442 4257 ἐκ

1374 4284 1604 4337 tribunos.
1647 4284 1826 4347 Forte,
1845 4282 1960 4347 quin
1973 4282 2026 4332 in
2041 4282 2269 4334 tribunos.
2303 4284 2439 4335 Rhea
