3175 4925
571 325 749 396 3866

569 484 794 549 proxima
829 483 978 536 nim-is
1013 483 1164 537 aliter
1199 493 1410 548 possunt
1445 487 1633 549 accipi,

575 560 730 626 quarn
755 560 836 624 ⁸de
876 563 1108 624 proximo
1139 561 1298 620 mari,
1333 562 1440 610 sive
1472 563 1636 624 ipsius

574 639 733 687 maris
766 639 1004 702 proxima
1037 645 1205 700 parte.
1269 640 1414 688 Sicut
1437 654 1526 688 ιιι.
1547 644 1631 690 78.

572 713 786 762 ‘intima
821 712 1053 772 Africae,'
1090 729 1184 777 pro
1217 716 1398 764 intima
1431 715 1631 777 Africa,

576 795 668 842 aut
708 789 897 846 intima,
926 797 1072 852 parte
1113 788 1312 839 Africae
1349 805 1424 840 ιν.
1461 796 1544 842 46.
1577 800 1632 840 et

575 877 679 916 111.
700 870 781 914 56.
812 912 821 919 ,
846 869 861 893 ‘
885 867 1040 915 Edita
1062 867 1310 914 montium
1325 866 1435 914 t'.et
1459 867 1512 915 in
1535 868 1631 917 boc

573 940 688 1005 ipso
725 943 974 990 vocabulo
1014 942 1082 990 H.
1121 955 1208 990 ιιι.
1241 945 1322 991 42.
1354 943 1634 992 ‘Proxima

573 1017 826 1066 litorum.'-
850 1030 942 1065 xv.
982 1023 1062 1066 58.

573 1093 811 1158 piorum,'
857 1107 952 1154 pro
987 1094 1228 1156 proximis
1269 1093 1507 1144 litoribus
1540 1101 1634 1143 ant

569 1169 880 1231 municipiis.
947 1169 1034 1216 Sic
1079 1168 1238 1232 igitur
1275 1177 1330 1217 et
1362 1171 1639 1232 ‘proxima

571 1245 746 1296 maris’
783 1245 1178 1309 interpretanda
1199 1253 1366 1308 erant,
1396 1247 1438 1294 si
1461 1247 1631 1296 verbis

569 1322 925 1374 inliaereamus.
994 1324 1128 1372 Nam
1167 1324 1479 1374 sententiam
1519 1338 1631 1373 ver-

571 1399 770 1450 sionum
807 1399 968 1462 magis
1011 1399 1206 1461 prob03
1256 1399 1488 1463 adeoque
1531 1415 1632 1450 non

568 1474 790 1536 proxima
839 1475 1004 1536 maria,
1055 1476 1144 1524 sed
1189 1477 1314 1524 mari
1355 1474 1635 1538 legendum

569 1551 810 1613 arbitror,
833 1552 987 1602 litera
1009 1553 1213 1602 scilieet
1235 1553 1492 1617 sibilante,
1514 1569 1631 1618 quoe

571 1638 639 1676 ex
675 1629 943 1680 vicinitate
981 1630 1248 1693 sequentis
1280 1629 1516 1678 vocabuli
1554 1637 1631 1679 te·

570 1717 728 1766 mere,
743 1710 802 1752 ut
820 1704 973 1766 solet,
984 1703 1153 1763 haesit,
1169 1705 1382 1767 rejecta.
1411 1704 1629 1752 Freiasli.

635 1778 897 1830 silentione
916 1793 978 1826 an
999 1779 1130 1841 voce]
1163 1780 1433 1828 Moentitiae
1457 1795 1631 1829 comes

571 1861 629 1902 et
661 1853 940 1903 silentium.
962 1854 1084 1905 Job.
1107 1859 1158 1903 2.
1193 1857 1209 1882 ‘
1228 1855 1490 1904 Sederunt
1511 1869 1628 1903 cum

572 1941 635 1977 eo
671 1927 724 1975 in
749 1935 888 1980 terra
909 1936 1111 1992 septem
1134 1929 1314 1979 diebus
1347 1939 1402 1978 et
1426 1937 1627 1993 septem

569 2001 831 2065 noctibus,
852 2009 908 2052 et
938 2019 1087 2053 nemo
1114 2005 1162 2053 ei
1189 2004 1495 2068 loquebatur
1515 2019 1629 2053 ver-

573 2081 720 2128 bum:
773 2079 1019 2128 videbant
1063 2079 1199 2128 enim
1243 2080 1472 2129 dolorem
1513 2093 1627 2130 esse

571 2154 964 2204 vehementem?
997 2155 1270 2204 Aurelius.

633 2229 884 2292 Successit,
919 2245 1010 2279 non
1043 2231 1213 2295 alam-i]
1274 2231 1452 2280 Solent
1488 2231 1625 2280 enim

573 2308 658 2372 qui
703 2322 768 2357 ex
811 2309 964 2372 longa
1016 2308 1345 2371 navigatione
1403 2315 1628 2371 portum,

569 2401 718 2450 quem
753 2384 1021 2448 petebant,
1045 2386 1242 2448 vident,
1263 2390 1458 2434 terram
1493 2386 1625 2434 salu-

571 2470 698 2527 tare,
715 2470 772 2512 et
787 2464 974 2513 multas
998 2463 1198 2513 iaetitiae
1219 2459 1624 2525 significationes

569 2540 711 2589 dare.
793 2541 940 2602 Virg.
986 2553 1072 2587 ιιι.
1121 2539 1386 2600 ‘Italiam‚
1430 2540 1624 2602 primus

567 2616 860 2664 conclamat
881 2615 1142 2672 Achaten
1177 2613 1386 2662 Italiam
1406 2614 1528 2662 laeto
1547 2629 1625 2663 so-

568 2689 636 2737 cii
660 2690 884 2738 clamore
905 2687 1170 2737 salutant.’
1205 2689 1444 2737 Muretus.
1510 2690 1624 2751 Ego

567 2778 684 2813 cum
721 2764 819 2812 illis
853 2765 1025 2826 potius
1059 2763 1246 2824 sentio,
1268 2764 1355 2827 qui
1389 2765 1626 2824 classem,

569 2847 627 2888 ut
662 2854 757 2904 per
792 2840 952 2902 ipsam
993 2838 1067 2887 rei
1104 2846 1337 2889 naturam
1373 2854 1506 2903 opus
1525 2847 1625 2901 est,

567 2917 753 2965 sensim
799 2914 1060 2965 admotam
1106 2922 1162 2963 et
1207 2915 1624 2979 propinquiorem

569 2991 708 3039 litori
725 2988 914 3040 factam
939 2997 1234 3053 exponunt:
1257 3005 1356 3041 non
1381 3000 1436 3040 ut
1453 2992 1624 3041 studio

566 3067 738 3117 cursui
761 3076 1126 3131 temperatum,
1159 3076 1249 3117 aut
1281 3068 1483 3130 segnius
1505 3068 1625 3117 red-

566 3143 732 3192 ditum
777 3143 939 3192 fuerit
982 3143 1272 3207 remigium:
1309 3144 1446 3209 quod
1487 3146 1625 3194 sicut

563 3231 669 3266 non
717 3217 995 3267 intendisse
1039 3232 1134 3281 per
1182 3218 1522 3280 alacritatem,
1561 3225 1622 3268 ut

561 3296 727 3345 solent
750 3295 1074 3359 appellentes
1099 3294 1150 3341 in
1177 3294 1468 3342 desiderata
1491 3294 1623 3355 loca,

562 3372 640 3420 ita
675 3384 842 3436 neque
877 3370 1134 3420 remisisse
1177 3368 1343 3417 videri
1381 3376 1620 3431 possunt,

562 3449 654 3498 sed
672 3449 854 3497 eodem
875 3456 1055 3498 tenore
1091 3447 1356 3510 inceptum
1381 3446 1483 3495 iter
1505 3459 1621 3495 esse

561 3524 883 3586 prosequuti.
923 3524 1141 3571 Freinsh.

628 3598 762 3648 Car.
773 3603 822 3648 2.
837 3597 1382 3663 Manet-asungerentar]
1396 3600 1515 3648 Non
1529 3613 1619 3647 no-

560 3686 746 3736 ve,uec
757 3686 820 3721 ex
833 3672 1132 3722 Latinitatis
1145 3680 1404 3735 portento:
1423 3676 1619 3738 qnippe

558 3752 636 3800 ita
658 3749 875 3797 Plautus
915 3747 966 3795 in
987 3747 1301 3797 Triumviro:
1336 3754 1350 3775 ⁴
1370 3749 1621 3811 Sequere,

558 3839 676 3875 mea
695 3830 839 3885 nata,
863 3827 922 3870 ut
955 3835 1139 3870 munus
1175 3820 1407 3883 fungaris
1435 3822 1621 3871 tuum!

506 3959 510 3963 ¹
559 3901 632 3950 Et
665 3898 718 3948 in
759 3896 1029 3947 Asinaria:
1064 3898 1080 3923 ⁴
1101 3895 1288 3944 Munus
1319 3896 1621 3946 adolescen-

559 3977 654 4027 tuli
679 3973 955 4039 Fungare.'
986 3972 1230 4022 Aurelius.

623 4054 779 4115 Atque
809 4051 890 4099 abi
925 4049 1130 4100 colonias
1159 4052 1616 4111 transgrederentur,

557 4130 740 4192 atrata]
801 4128 866 4177 Id
887 4134 986 4188 est,
1027 4127 1181 4191 pullis
1215 4135 1272 4176 et
1307 4126 1613 4189 lugubribus

556 4202 788 4255 vestibus
801 4202 1008 4259 amicta.
1074 4202 1242 4253 Pube·
1262 4202 1504 4268 antiquus
1524 4218 1617 4255 no-

1106 1019 1121 1046 ‘
1145 1019 1386 1068 Proxima
1419 1020 1641 1068 manici:

1273 342 1488 392 Nom:
1533 342 1936 393 vAmoBUM
1984 343 2067 392 m

1710 489 1982 538 minatis-us
2020 502 2113 552 pro
2152 488 2319 552 plebs.
2388 485 2615 538 minati
2638 483 2779 552 ‘eqd-

1708 569 1797 626 ιιι,
1817 572 1876 613 ut
1914 580 1945 614 a
1982 564 2135 628 plebe
2168 565 2597 628 discernerentur,
2618 575 2767 652 pon·

1710 653 1929 703 panique
1950 641 2090 689 illam
2112 641 2479 700 angustiarent,
2500 646 2556 688 et
2578 639 2769 704 majes-

1709 715 1831 763 tatis
1870 715 2157 777 pleniorem
2190 715 2487 764 redderent.
2528 717 2767 766 Mam.

1709 790 1954 840 Quamvis
1990 791 2041 837 in
2080 789 2381 839 Germanici
2414 788 2599 838 funere
2628 791 2771 840 ‘tra-

1708 865 1847 913 beati
1870 865 2072 927 equites
2094 865 2461 926 incessissent,’
2476 878 2579 912 non
2604 864 2685 913 ob·
2702 863 2763 913 id

1708 948 1880 989 tamen
1906 940 2249 1001 inferendum,
2274 943 2506 990 trabeam
2530 940 2777 989 timer-k·

1706 1017 2059 1065 indumentum
2099 1017 2354 1077 extitisse,
2388 1016 2479 1065 sed
2520 1017 2651 1065 bene
2686 1013 2777 1064 fa·-

1707 1093 1906 1142 miliare
1944 1093 2202 1157 equitibus
2244 1093 2295 1140 in
2337 1091 2555 1156 publicis
2594 1093 2773 1140 solem·

1704 1169 1970 1218 nitatibus.
2008 1170 2164 1217 Marc.
2204 1169 2438 1217 Donatus.
2508 1168 2765 1216 Existimo

1707 1252 1829 1294 tunc
1866 1244 2071 1294 trabeas
2109 1243 2265 1294 fuisse
2288 1251 2503 1305 atratas,
2522 1249 2579 1293 et
2600 1257 2665 1292 ex
2688 1240 2779 1292 υἰέ

1708 1334 1801 1382 gro
1822 1321 2017 1382 colore,
2039 1320 2130 1368 sed
2154 1320 2391 1369 babuisse
2418 1317 2631 1368 formam
2658 1327 2779 1367 tra-·

1706 1395 1934 1453 hesram,
1970 1411 2085 1460 quae
2121 1396 2427 1445 vestimenta
2466 1401 2617 1444 erant
2656 1395 2773 1458 pri«

1706 1487 1843 1521 mum
1882 1473 2041 1536 regia,
2064 1479 2251 1534 postea
2272 1471 2513 1520 militaria
2530 1478 2585 1520 et
2608 1484 2781 1532 pectre

1707 1549 1857 1596 liaria
1894 1549 2149 1612 equitibus
2188 1549 2446 1607 Romanis,
2468 1563 2499 1596 a
2533 1547 2783 1596 trabibus:

1703 1623 1916 1673 intextis
1958 1625 2295 1674 discoloribus
2332 1639 2400 1673 ex
2439 1636 2669 1688 purpura
2704 1624 2781 1672 et·

1706 1714 1880 1748 coeco.
1913 1701 2080 1749 Aurel-

1774 1774 1997 1824 Traheati
2028 1775 2231 1838 equita]
2293 1774 2324 1803 ⁸
2356 1775 2469 1823 111ae
2486 1775 2621 1822 enim
2646 1785 2781 1837 μου·

1705 1849 1833 1912 priae
1876 1851 2147 1914 equitum:
2202 1851 2346 1915 (nam
2389 1851 2779 1900 Grammatico-³

1706 1939 1817 1972 rum
1870 1925 2078 1975 inventa
2132 1926 2214 1974 bic
2271 1939 2372 1974 non
2424 1939 2615 1986 moror,
2670 1925 2763 1988 qui

1704 1999 1905 2049 faciunt
1938 2001 2095 2049 etiam
2130 2015 2328 2062 regum,
2362 1998 2571 2060 ducum,
2600 2012 2779 2062 auge—⁰

1706 2092 1813 2126 rum
1835 2077 1875 2140 :)
1908 2084 1963 2126 et
1988 2076 2105 2125 ideo
2147 2076 2381 2125 Trabeata
2416 2076 2625 2138 agnota,
2660 2074 2763 2136 ipsi

1704 2153 1903 2216 equites
1936 2153 2127 2211 Statio,
2150 2153 2201 2200 in
2235 2151 2403 2214 Epulo
2435 2151 2757 2200 Domitianis

1701 2229 1840 2278 ‘Hic
1876 2245 1991 2278 cum
2036 2229 2311 2278 Romuleos
2353 2239 2615 2289 proceres,
2656 2231 2779 2274 tra-z

1702 2303 1957 2368 beataque
1980 2305 2153 2354 Caesar
2176 2303 2413 2365 Agmina,
2434 2303 2579 2351 mille
2610 2303 2759 2352 simul

1692 2381 1857 2444 jussit
1881 2381 2206 2430 discumbere
2246 2377 2468 2429 niensis!
2538 2381 2605 2427 Et
2626 2378 2681 2428 ia
2704 2391 2759 2428 V.

1699 2456 1951 2505 Silvarum
1976 2456 2039 2505 ad
2066 2455 2378 2519 Crispinum:
2414 2470 2567 2519 quem
2590 2455 2761 2505 locum

1698 2532 1862 2583 fusius
1880 2535 2187 2596 adscribam,
2200 2534 2319 2597 quia
2332 2534 2577 2595 meieget
2592 2549 2605 2582 ε
2628 2534 2643 2561 ‘
2654 2546 2783 2581 non-

1704 2618 1757 2661 te
1780 2612 1936 2661 series
1961 2612 2209 2661 inhonora
2242 2618 2533 2676 pareutum,
2554 2612 2760 2662 Obscu-

1699 2701 1811 2735 rum
1835 2689 2057 2750 proavis,
2080 2696 2133 2738 et
2156 2689 2341 2751 priscae
2368 2688 2497 2738 lucis
2518 2694 2759 2751 egentem

1700 2764 1915 2813 Plebeia
1936 2764 2002 2813 de
2022 2765 2186 2827 stirpe
2210 2765 2359 2814 tulit:
2396 2779 2495 2813 non
2510 2764 2761 2829 sanguina

1700 2849 1873 2889 cretus
1894 2841 2119 2890 Turmali
2143 2840 2391 2905 trabeque
2414 2856 2475 2891 ac
2506 2842 2679 2904 remis,
2702 2845 2763 2891 οἱ

1700 2932 1930 2981 paupere
1970 2920 2118 2967 clavo
2163 2918 2445 2982 Augustam
2488 2918 2663 2983 sedem
2702 2926 2761 2968 ct

1700 2993 1837 3043 Latii
1862 2994 2129 3057 penetrale
2160 2995 2385 3044 Senatus
2408 2995 2625 3045 Advena
2645 2997 2769 3059 pul·

1698 3070 1848 3117 sasti:
1896 3071 1989 3119 sed
2036 3071 2365 3134 precedente
2410 3078 2613 3121 tuorum
2648 3070 2759 3135 Ag-

1697 3146 1869 3196 mine!
1938 3148 2075 3197 Vere
2112 3150 2249 3197 enirn
2274 3148 2513 3211 emendo,
2541 3162 2635 3197 non
2653 3162 2765 3197 m-

1692 3224 1838 3283 guine
1874 3228 2028 3272 cretus
2068 3224 2295 3287 firmali,
2314 3224 2563 3287 trabeaque
2599 3224 2763 3285 Remi,

1695 3314 1779 3346 nec
1796 3314 2001 3363 paupere
2024 3302 2179 3350 clavo.-
2212 3301 2265 3349 id
2304 3308 2401 3363 est,
2439 3302 2559 3351 Non
2594 3307 2653 3348 tu
2688 3314 2761 3349 ex

1697 3373 1851 3436 plebe
1916 3382 2078 3437 satus,
2130 3375 2235 3425 imo
2300 3389 2399 3424 nec
2454 3390 2519 3423 ex
2574 3374 2761 3423 ordine

1696 3450 1951 3514 equestri3
1985 3464 2135 3514 quem
2164 3450 2353 3499 deinde
2376 3449 2627 3499 describit
2664 3449 2761 3497 tri-

1698 3525 1793 3575 bus
1817 3526 1974 3587 notis,
2000 3526 2203 3575 luxuria
2220 3540 2323 3575 non
2346 3524 2595 3575 indecora
2616 3524 2763 3587 inge·-

1694 3600 1788 3662 nii,
1816 3608 1875 3649 ut
1898 3602 2030 3649 solet
2054 3599 2107 3648 in
2130 3601 2219 3649 illo
2244 3598 2417 3664 poeta.
2488 3600 2768 3648 Tur-malene

1694 3677 1970 3735 sanguinem
2006 3685 2193 3736 vocat3
2226 3677 2346 3740 qnia
2370 3676 2595 3739 propriae
2616 3676 2763 3739 eqni·

1698 3756 1807 3798 tum
1826 3752 2061 3801 Turmoe:
2102 3752 2329 3801 Trabeam
2361 3752 2521 3812 Rea-t,
2558 3752 2680 3816 quia
2716 3752 2759 3801 ii
2816 3760 2823 3765 '

1696 3826 1935 3887 trabeati,
1968 3830 2207 3891 exemplo
2242 3842 2449 3891 regum:
2486 3829 2759 3892 Pauper-ens

1694 3905 1894 3964 clavam,
1908 3903 1960 3951 id
1984 3912 2081 3964 est,
2095 3915 2369 3967 angustum
2390 3912 2444 3955 et
2460 3910 2651 3967 artua,
2667 3906 2763 3969 qui

1694 3978 1889 4028 ordinis
1904 3979 2175 4042 equestris.
2208 3981 2413 4042 Lipsius.

1766 4053 1972 4115 Vestem]
2013 4052 2043 4081 ⁶
2078 4054 2261 4117 virgil.
2284 4055 2335 4103 in
2356 4054 2539 4105 funere
2561 4056 2757 4109 Miseni

1692 4142 1770 4178 vt.
1792 4132 1909 4181 221.
1962 4130 2161 4179 Statius
2184 4130 2237 4177 in
2258 4131 2409 4194 Epic.
2430 4132 2617 4182 Glauc.
2637 4135 2755 4181 160.

1692 4204 1851 4255 Silius
1874 4206 1910 4256 l.
1932 4218 1990 4255 x.
2010 4205 2065 4255 in
2088 4204 2271 4263 fauere
2294 4206 2351 4257 Ia.
2370 4207 2563 4259 AEmilii
2586 4208 2772 4261 Paulli·
