3175 4925
420 488 428 495 .
523 386 712 456 ω,

523 546 747 597 rontium
771 552 826 596 et
849 544 1123 595 Haterium
1164 552 1218 594 et
1251 551 1474 605 ceteros,
1495 544 1581 608 qui

522 621 897 686 captandorum
939 628 1361 671 testamentorum
1415 625 1580 668 artem

523 696 746 762 professi
776 704 911 759 sunt,
943 712 1044 747 non
1085 705 1236 761 putas
1276 697 1456 745 eadem
1494 697 1580 744 ha-

522 773 669 833 bere,
688 787 803 837 quae
824 773 1177 837 designatores
1199 780 1254 823 et
1276 772 1582 822 libitinarios

522 848 696 897 vota?
725 848 828 896 Sed
853 847 1010 897 alium
1034 848 1099 896 ab
1121 848 1242 909 isto,
1278 848 1479 911 opinor,
1509 848 1582 895 iu-

523 922 730 985 tellegit
765 923 994 973 Seneca:
1033 924 1123 987 qui
1164 923 1258 972 sub
1292 923 1419 972 Caio
1440 938 1584 987 mag-

521 1013 636 1060 nus,
671 1006 728 1047 et
761 1000 844 1063 qui
893 1004 1014 1048 ante
1045 1014 1238 1062 praeco.
1299 1000 1582 1063 Josepbum

522 1075 641 1124 vide
659 1086 781 1124 xix.
795 1074 980 1140 Antiq.
1001 1091 1046 1125 c.
1067 1081 1114 1125 1.
1135 1076 1230 1125 sub
1253 1075 1425 1125 finem.
1447 1076 1580 1139 Hps.

585 1162 821 1227 Divitm,
851 1163 1143 1226 promptum]
1197 1164 1384 1213 Cicero
1419 1163 1582 1214 famil.

521 1236 689 1303 Epist.
720 1252 784 1291 ιι.
825 1244 906 1289 18.
955 1240 970 1269 ‘
997 1248 1102 1289 tres
1140 1240 1350 1302 fratres,
1389 1255 1583 1291 summo

519 1316 634 1364 loco
655 1321 824 1377 natos,
839 1321 1126 1378 promptos,
1143 1330 1246 1365 nou
1267 1315 1588 1365 indisertus!

523 1388 637 1439 Lib.
663 1404 726 1440 u.
765 1392 817 1439 in
839 1392 1086 1440 Verrem:
1119 1392 1136 1419 ‘
1161 1392 1460 1441 Heraclium
1495 1392 1583 1441 ho·

519 1466 708 1514 minem
775 1480 889 1514 esse
965 1466 1210 1530 majorem
1270 1473 1416 1529 natu,
1478 1482 1582 1517 non

521 1541 994 1605 promptissimum!
1061 1541 1173 1590 Lib.
1203 1555 1278 1593 w.
1325 1542 1341 1569 ‘
1381 1542 1441 1591 C.
1483 1542 1582 1591 Ca-

521 1617 672 1679 cnrii,
709 1618 1079 1681 promptissimi
1111 1618 1327 1667 hominis
1350 1626 1407 1668 et
1429 1634 1584 1683 expe-

519 1692 732 1743 rientis.'
778 1695 812 1745 J
817 1694 1013 1742 ustinus
1036 1693 1124 1742 lib.
1143 1706 1286 1742 xxn.
1307 1694 1322 1721 ⁸
1347 1708 1412 1742 ex
1431 1694 1583 1758 plebe

523 1782 728 1833 quoque
740 1768 1173 1831 locupletissimos
1189 1777 1243 1817 et
1263 1770 1583 1831 promptissi-

523 1858 632 1892 mos
653 1842 934 1893 interficit.’
966 1842 1240 1907 Agricola:
1275 1846 1290 1871 ‘
1313 1846 1586 1909 promptis-

521 1918 675 1967 simus
693 1920 910 1983 quisque
941 1918 1137 1968 saevitia
1155 1919 1405 1984 principis
1427 1920 1585 1971 inter-

519 1993 797 2044 ciderunt!
863 1995 1141 2044 Gronovius.

585 2070 857 2119 Avidumet
879 2070 1126 2132 minorem]
1159 2070 1371 2120 Mureto
1405 2070 1586 2121 adsen-

518 2144 669 2193 serim
713 2146 924 2209 legenti,
965 2145 1172 2209 avidam,
1219 2147 1302 2194 sed
1341 2147 1582 2197 ntinorem.

520 2219 767 2279 Picbena.

584 2295 778 2345 Βᾶσσαι
798 2298 1012 2361 daretur]
1045 2298 1249 2361 Nempe
1287 2314 1318 2349 a
1355 2297 1582 2351 fortuna.

520 2371 964 2423 Quemadmodum
1025 2362 1116 2424 lib.
1157 2389 1247 2426 xv.
1319 2377 1336 2406 ‘
1363 2377 1582 2428 Quoties

518 2448 723 2498 fortuna
761 2456 946 2499 contra
985 2450 1186 2504 darett'
1222 2458 1349 2517 puta
1388 2467 1582 2504 casum.

519 2525 567 2575 A
605 2526 848 2577 Sallustio
886 2528 939 2576 iu
981 2528 1231 2593 Jugnrth.
1280 2531 1296 2558 ‘
1322 2527 1582 2578 fortunam

517 2600 618 2650 illis
649 2601 889 2663 prreclari
923 2601 1168 2652 facinoris
1207 2619 1382 2654 casum
1422 2605 1580 2655 dare!

515 2675 655 2724 Vide
675 2676 740 2726 ad
765 2678 966 2726 Livium
991 2692 1126 2728 xxx.
1146 2683 1226 2728 80.
1285 2682 1478 2730 Noster
1501 2695 1581 2730 11.

517 2752 707 2800 ‘casus
753 2751 1048 2801 Mithridati
1094 2753 1262 2818 datus·
1291 2762 1373 2804 est
1434 2770 1585 2804 occu-

517 2825 677 2889 pandi
705 2825 1038 2876 Armeniam!
1103 2827 1218 2878 Lib.
1243 2843 1368 2878 xm.
1405 2830 1422 2859 ‘
1447 2830 1581 2880 bene

519 2901 762 2965 gerendae
787 2901 859 2950 rei
883 2917 1057 2951 casum
1083 2901 1292 2954 offerri.'
1325 2906 1583 2957 Quorsum

517 2990 662 3039 ergo,
681 2975 724 3024 si
746 2991 879 3025 casus
897 2979 1050 3041 daret,
1071 2979 1119 3028 vi
1139 2995 1378 3030 ausurum.
1414 2982 1580 3032 Gron.

583 3053 820 3102 Hester-ias
855 3069 959 3102 cnm
993 3055 1218 3118 dixisset]
1252 3057 1582 3109 Ostendebat

517 3129 652 3178 enim
676 3131 933 3192 cognitam
955 3132 1050 3180 sibi
1073 3146 1184 3182 esse
1205 3133 1580 3186 simulationem

515 3205 735 3266 Tiberii,
787 3204 874 3269 qui
919 3207 1079 3256 vellet
1124 3208 1331 3272 quidem
1375 3211 1580 3266 omnino

516 3282 793 3344 imperare,
833 3281 922 3331 sed
956 3284 1295 3346 cupiditatem
1326 3301 1468 3336 suam
1504 3295 1581 3338 te-

518 3365 684 3423 geret.
773 3357 837 3408 Id
881 3359 1208 3423 significabat
1252 3377 1444 3424 genere
1491 3364 1580 3412 illo

516 3435 780 3500 loquendi,
816 3433 1065 3500 Quousque
1081 3437 1304 3500 patieris,
1343 3439 1489 3502 quasi
1513 3437 1578 3488 de

517 3525 575 3561 re
611 3515 661 3562 in
685 3529 838 3564 manu
875 3531 935 3564 ac
971 3523 1231 3580 potestate
1262 3517 1456 3568 Tiberii
1490 3531 1579 3581 po-

516 3590 638 3638 sita.
673 3590 906 3640 Muretus.

583 3665 696 3713 Non
717 3667 884 3714 adesse
897 3671 1037 3728 caput
1061 3665 1228 3731 Reip]
1257 3668 1578 3719 Sententiam

516 3741 695 3804 potius
716 3739 768 3788 in
791 3741 886 3789 hoc
925 3742 1042 3790 loco
1065 3742 1385 3805 expedimus,
1426 3759 1576 3808 quam

518 3813 696 3865 verba.
765 3817 946 3866 Lectio
963 3833 1114 3882 quam
1133 3819 1298 3881 posui,
1311 3835 1344 3868 a
1359 3821 1578 3870 Fet-reto

515 3896 615 3953 est,
637 3891 721 3955 qui
748 3900 1009 3942 asseverat
1033 3894 1083 3942 in
1115 3895 1371 3945 Medicaeo
1395 3897 1577 3946 codice

517 3967 592 4017 sic
636 3970 903 4032 scriptum.
993 3969 1062 4018 Et
1105 3984 1198 4019 cnr
1242 3971 1576 4034 ambigimus?

516 4043 790 4094 Sententia
839 4045 1012 4095 hercle
1047 4047 1410 4112 percommoda
1458 4055 1572 4098 est:

517 4113 768 4168 offensum
803 4119 1083 4183 Tiberium,
1116 4138 1207 4186 pro
1245 4125 1442 4188 reliqua
1481 4140 1576 4173 sua

515 4195 786 4256 modestia,
802 4199 936 4260 quod
959 4203 1099 4262 copae
1123 4199 1263 4263 Reip.
1285 4200 1574 4250 nominare-

515 4275 622 4332 tur,
681 4271 771 4336 qui
813 4277 1076 4339 tamquam
1119 4275 1287 4328 veteri
1329 4275 1573 4332 libertato

1229 400 1446 453 NOTA:
1494 400 1900 452 vA‘moRuM
1951 400 2033 450 IN

1663 556 1793 591 unns
1814 542 1975 592 vellet
2008 556 2123 593 esse
2158 558 2188 592 e
2228 538 2416 593 multis.
2470 534 2599 591 'Nec
2636 532 2731 593 aba

1655 618 1809 667 surde
1832 618 2017 681 legeris
2042 619 2331 682 evulgatis,
2353 634 2444 669 noa
2466 633 2563 670 esse
2580 624 2731 683 eapse

1656 699 1705 744 te
1727 692 1905 757 Reip.?
1940 695 2160 759 Lipsius.

1726 770 1834 819 Non
1870 773 2029 819 otlesse
2065 776 2203 834 caput
2237 771 2533 835 reipublicoe]
2566 772 2721 823 Dicit

1658 847 1757 896 hoe
1792 847 1996 911 quidem
2026 849 2287 908 Feri-etus,
2329 848 2419 897 sed
2458 850 2597 899 aliud
2638 851 2726 901 Pi·

1660 922 1822 971 ebena
1846 928 2087 983 testatur,
2106 923 2177 971 ibi
2202 924 2302 984 legi
2322 932 2603 988 corrupte;
2636 940 2728 977 non

1659 1000 1815 1047 adesse
1834 1004 1975 1062 caput
1996 1004 2045 1048 te
2066 999 2335 1062 reipublice
2347 1017 2367 1059 ,·
2400 1002 2728 1066 quemadmo-

1661 1074 1782 1123 dum
1821 1074 2131 1138 vulgabatur
2166 1078 2305 1139 olim,
2343 1086 2621 1143 antequam
2660 1080 2724 1129 B.

1662 1150 1933 1202 Rhenanus
1954 1151 2261 1215 conjiceret,
2296 1153 2435 1216 quod
2468 1168 2605 1205 nunc
2640 1155 2729 1205 ha·

1662 1225 1831 1275 betur.
1899 1228 1996 1276 Cui
2036 1228 2241 1277 omnino
2285 1229 2723 1293 acquiescendum

1660 1316 1866 1363 censeo,
1882 1309 1937 1351 et
1956 1302 2101 1365 illud,
2115 1318 2207 1353 non
2224 1320 2321 1353 esse
2339 1310 2477 1369 capnt
2496 1310 2562 1366 te,
2570 1306 2729 1368 juxta

1660 1377 1898 1426 miserum
1923 1393 1984 1427 ac
2008 1393 2444 1441 supervacaneum
2458 1381 2638 1445 judico
2663 1396 2727 1431 ac

1662 1452 1943 1514 Vertranii,
1993 1469 2087 1503 nou
2136 1470 2233 1505 esse
2285 1460 2411 1520 apud
2466 1464 2515 1507 te
2564 1461 2725 1521 caput.

1658 1528 1825 1594 AEqne
1876 1529 2119 1595 περίεργος
2152 1532 2393 1582 Muretus
2448 1549 2561 1583 cnm
2611 1547 2726 1597 suo,

1660 1606 1817 1654 adesse
1836 1612 1977 1670 caput
2008 1607 2297 1671 reipublice,
2336 1625 2451 1674 quae
2475 1610 2542 1659 sit
2572 1618 2725 1660 vetus

1662 1681 1919 1743 scriptura
1961 1697 2058 1745 pro
2100 1686 2274 1733 deesse.
2365 1685 2505 1737 Quid
2549 1700 2725 1750 quaeso

1662 1756 1827 1818 opus?
1862 1767 1951 1807 aut
1974 1758 2097 1823 quid
2135 1761 2299 1808 minus
2335 1764 2432 1821 est,
2460 1775 2553 1809 non
2574 1762 2727 1823 adest,

1664 1846 1812 1895 quam
1834 1832 2003 1883 deest?
2053 1834 2218 1884 Immo
2252 1836 2425 1885 nescio
2464 1836 2585 1901 quid
2610 1849 2724 1900 gra-

1664 1908 1775 1956 vius
1796 1914 1851 1959 et
1872 1911 2076 1959 suavius
2098 1911 2151 1959 in
2175 1912 2289 1959 isto.
2327 1908 2510 1961 Cicero
2528 1912 2692 1961 Bruto
2711 1926 2727 1960 ε

1660 1983 1677 2010 ‘
1700 1982 2005 2049 Intelligeus
2030 1986 2233 2034 dicendi
2272 1986 2599 2036 existimator
2621 2000 2727 2034 uno

1663 2067 1881 2122 aspectu
1928 2066 1984 2109 et
2039 2061 2338 2124 praeteriens
2390 2061 2456 2109 de
2514 2068 2722 2110 oratore

1662 2148 1801 2197 saepe
1815 2134 2039 2196 judicat.
2104 2134 2265 2185 Videt
2299 2138 2603 2185 oscitantem
2634 2136 2723 2200 ju·

1660 2210 1831 2259 dicem
1872 2210 2171 2275 loquentem
2217 2226 2333 2260 cum
2388 2213 2575 2273 altero,
2619 2214 2721 2262 διο.

1662 2288 1908 2353 intelligit
1944 2296 2204 2339 oratorem
2243 2290 2293 2338 in
2332 2306 2395 2339 ea
2429 2304 2585 2339 causa
2619 2304 2721 2339 non

1662 2358 1862 2427 adesse,
1920 2366 2008 2430 qui
2054 2367 2217 2429 possit
2259 2367 2437 2417 animis
2478 2368 2720 2432 judicum

1659 2443 1931 2495 admovere
1985 2447 2291 2510 orationem,
2341 2448 2477 2499 sicut
2530 2448 2721 2500 fidibus

1658 2521 1903 2570 manum!
1960 2523 2242 2572 Gronovius.
2312 2525 2425 2588 Ego
2468 2526 2620 2575 aliter
2658 2539 2721 2576 ac

1658 2595 1861 2656 Lipsius
1904 2596 2254 2660 interpretor:
2312 2601 2511 2650 scilicet
2564 2599 2724 2650 offen-

1660 2683 1769 2718 sum
1791 2669 2067 2736 Tiberium,
2088 2687 2188 2721 nou
2213 2675 2349 2738 quod
2374 2681 2513 2739 caput
2534 2677 2721 2740 reipub·
2768 2687 2773 2692 “

1656 2744 1759 2793 licoe
1775 2747 2143 2812 nominaretur,
2160 2749 2251 2799 sed
2270 2751 2406 2816 quod
2426 2758 2565 2801 artes
2582 2767 2723 2816 suas,

1659 2835 1785 2884 quas
1818 2823 2042 2872 maxime
2082 2826 2311 2876 occultas
2337 2827 2513 2889 vellet,
2548 2827 2721 2892 detegi

1660 2894 1893 2944 videret:
1963 2901 2106 2961 quasi
2162 2901 2358 2951 dixerit
2428 2903 2679 2953 Haterius
2700 2919 2717 2952 ε

1660 2971 1921 3023 Quamdiu
1944 2976 2113 3037 rogari
2136 2977 2247 3025 vis?
2278 2978 2489 3028 nimium
2519 2994 2611 3028 nos
2634 2979 2721 3030 de·

1658 3048 1814 3112 tines,
1846 3065 1906 3098 ac
1947 3051 2232 3102 ludificaris
2274 3054 2384 3104 istis
2422 3055 2721 3118 ambagibus

1659 3124 1792 3173 tuis:
1829 3139 1895 3174 ne
1920 3127 2138 3190 amplius
2162 3129 2467 3193 dissimules,
2506 3131 2594 3180 sed
2609 3131 2721 3195 jam

1656 3200 1837 3264 accipe
1890 3201 2178 3266 imperium.
2271 3207 2509 3256 Fortasse
2563 3209 2720 3257 etiam

1656 3278 1950 3338 suspicatus
1973 3287 2055 3328 est
2074 3279 2306 3330 Tiberius
2330 3281 2465 3331 idem
2488 3281 2599 3333 fere
2622 3283 2721 3333 sibi

1659 3351 1933 3402 Haterium
1988 3356 2206 3404 voluisse
2259 3365 2417 3422 atque
2472 3359 2577 3420 ille,
2631 3361 2719 3424 qui

1655 3429 1908 3479 Suetonio
1929 3431 2190 3483 referente
2215 3433 2266 3482 in
2286 3435 2370 3485 Ti.
2384 3452 2443 3506 σο.
2462 3441 2543 3485 28.
2566 3437 2720 3499 dixit,

1657 3507 1673 3534 ‘
1700 3504 1811 3555 Aut
1864 3515 1987 3571 agat
2040 3515 2130 3558 aut
2185 3511 2437 3560 desistat)
2491 3513 2717 3563 Pickena.

1656 3582 1800 3630 Bene
1820 3582 2192 3649 interpretatur
2226 3587 2445 3650 Lipsius.
2502 3589 2716 3638 sienim

1656 3675 1711 3710 se
1752 3657 1950 3710 fatetur
1988 3663 2287 3726 reipublicae
2326 3673 2501 3730 caput,
2541 3667 2716 3716 abolet

1656 3751 1757 3784 una
1781 3748 1979 3785 omnem
2016 3745 2325 3801 potestatem
2367 3749 2588 3792 senatus.
2658 3743 2719 3808 Is

1656 3813 1789 3860 enim
1803 3825 1976 3860 verum
2000 3815 2200 3877 imperii
2218 3825 2401 3879 caput:
2421 3818 2558 3868 unde
2571 3819 2715 3869 Otho

1655 3887 1798 3936 Hist.
1821 3899 1860 3937 ι.
1882 3891 1959 3938 84.
1994 3891 2009 3917 ‘
2036 3890 2151 3939 Nec
2172 3891 2286 3941 illas
2304 3895 2548 3944 adversus
2573 3909 2717 3945 sena·

1655 3967 1764 4009 tnm
1810 3976 1959 4012 voces
2005 3963 2138 4013 ullus
2188 3979 2409 4032 unquam
2452 3973 2713 4022 exercitus

1656 4035 1863 4086 audeat.
1952 4040 2127 4104 Caput
2170 4041 2370 4106 imperii
2414 4055 2471 4095 et
2522 4047 2713 4096 decora

1652 4113 1875 4162 omnium
1899 4117 2310 4180 provinciarum,’
2330 4123 2427 4170 διο.
2455 4121 2711 4172 (ξυνίει-ηε.

1652 4189 1747 4238 Vis
1760 4196 1817 4239 et
1834 4201 2036 4241 nostras
2055 4193 2314 4257 ineptias?
2348 4195 2587 4246 Tiberius
2603 4197 2709 4247 dici

1649 4265 1748 4317 sibi
1765 4269 1991 4332 putavit:
2024 4269 2313 4336 Quousque
2322 4272 2459 4322 sines
2471 4268 2713 4338 rempub-
